%YAML 1.1
%TAG !u! tag:unity3d.com,2011:
--- !u!1 &44292212237950576
GameObject:
  m_ObjectHideFlags: 0
  m_CorrespondingSourceObject: {fileID: 0}
  m_PrefabInstance: {fileID: 0}
  m_PrefabAsset: {fileID: 0}
  serializedVersion: 6
  m_Component:
  - component: {fileID: 8429414632791916227}
  m_Layer: 0
  m_Name: joint4
  m_TagString: Untagged
  m_Icon: {fileID: 0}
  m_NavMeshLayer: 0
  m_StaticEditorFlags: 0
  m_IsActive: 1
--- !u!4 &8429414632791916227
Transform:
  m_ObjectHideFlags: 0
  m_CorrespondingSourceObject: {fileID: 0}
  m_PrefabInstance: {fileID: 0}
  m_PrefabAsset: {fileID: 0}
  m_GameObject: {fileID: 44292212237950576}
  m_LocalRotation: {x: -3.7615824e-37, y: -0.00058788917, z: -4.782599e-18, w: 0.9999998}
  m_LocalPosition: {x: -3.7188463, y: -3.759379, z: 2.4699067e-14}
  m_LocalScale: {x: 1, y: 1, z: 1}
  m_Children: []
  m_Father: {fileID: 6058355119766106035}
  m_RootOrder: 0
  m_LocalEulerAnglesHint: {x: 0, y: 0, z: 0}
--- !u!1 &301055043378554820
GameObject:
  m_ObjectHideFlags: 0
  m_CorrespondingSourceObject: {fileID: 0}
  m_PrefabInstance: {fileID: 0}
  m_PrefabAsset: {fileID: 0}
  serializedVersion: 6
  m_Component:
  - component: {fileID: 3357637278593483983}
  m_Layer: 0
  m_Name: GD56_Raul_AMS_A1:head_nubbin
  m_TagString: Untagged
  m_Icon: {fileID: 0}
  m_NavMeshLayer: 0
  m_StaticEditorFlags: 0
  m_IsActive: 1
--- !u!4 &3357637278593483983
Transform:
  m_ObjectHideFlags: 0
  m_CorrespondingSourceObject: {fileID: 0}
  m_PrefabInstance: {fileID: 0}
  m_PrefabAsset: {fileID: 0}
  m_GameObject: {fileID: 301055043378554820}
  m_LocalRotation: {x: 0, y: 0, z: 0.10261875, w: 0.99472076}
  m_LocalPosition: {x: -18.5702, y: 2.172701, z: -1.474258e-14}
  m_LocalScale: {x: 1, y: 1, z: 1}
  m_Children: []
  m_Father: {fileID: 8631348509719315269}
  m_RootOrder: 0
  m_LocalEulerAnglesHint: {x: 0, y: 0, z: 0}
--- !u!1 &410769767957486190
GameObject:
  m_ObjectHideFlags: 0
  m_CorrespondingSourceObject: {fileID: 0}
  m_PrefabInstance: {fileID: 0}
  m_PrefabAsset: {fileID: 0}
  serializedVersion: 6
  m_Component:
  - component: {fileID: 6874938477812979651}
  m_Layer: 0
  m_Name: joint7
  m_TagString: Untagged
  m_Icon: {fileID: 0}
  m_NavMeshLayer: 0
  m_StaticEditorFlags: 0
  m_IsActive: 1
--- !u!4 &6874938477812979651
Transform:
  m_ObjectHideFlags: 0
  m_CorrespondingSourceObject: {fileID: 0}
  m_PrefabInstance: {fileID: 0}
  m_PrefabAsset: {fileID: 0}
  m_GameObject: {fileID: 410769767957486190}
  m_LocalRotation: {x: 9.902848e-32, y: -0.09209655, z: -3.4887904e-15, w: 0.99575007}
  m_LocalPosition: {x: -3.9856315, y: -4.2669477, z: -2.6226747e-14}
  m_LocalScale: {x: 1, y: 1, z: 1}
  m_Children: []
  m_Father: {fileID: 9087833983352653515}
  m_RootOrder: 0
  m_LocalEulerAnglesHint: {x: 0, y: 0, z: 0}
--- !u!1 &541964074609267972
GameObject:
  m_ObjectHideFlags: 0
  m_CorrespondingSourceObject: {fileID: 0}
  m_PrefabInstance: {fileID: 0}
  m_PrefabAsset: {fileID: 0}
  serializedVersion: 6
  m_Component:
  - component: {fileID: 701157325204339267}
  m_Layer: 0
  m_Name: joint2
  m_TagString: Untagged
  m_Icon: {fileID: 0}
  m_NavMeshLayer: 0
  m_StaticEditorFlags: 0
  m_IsActive: 1
--- !u!4 &701157325204339267
Transform:
  m_ObjectHideFlags: 0
  m_CorrespondingSourceObject: {fileID: 0}
  m_PrefabInstance: {fileID: 0}
  m_PrefabAsset: {fileID: 0}
  m_GameObject: {fileID: 541964074609267972}
  m_LocalRotation: {x: 0, y: -0, z: -0, w: 1}
  m_LocalPosition: {x: -8.371309, y: 0.0464237, z: 5.6182265}
  m_LocalScale: {x: 1, y: 1, z: 1}
  m_Children:
  - {fileID: 6058355119766106035}
  m_Father: {fileID: 5547794999037388924}
  m_RootOrder: 1
  m_LocalEulerAnglesHint: {x: 0, y: 0, z: 0}
--- !u!1 &648021554925989641
GameObject:
  m_ObjectHideFlags: 0
  m_CorrespondingSourceObject: {fileID: 0}
  m_PrefabInstance: {fileID: 0}
  m_PrefabAsset: {fileID: 0}
  serializedVersion: 6
  m_Component:
  - component: {fileID: 7893506647260004663}
  m_Layer: 0
  m_Name: GD56_Raul_AMS_A1:l_shoulder
  m_TagString: Untagged
  m_Icon: {fileID: 0}
  m_NavMeshLayer: 0
  m_StaticEditorFlags: 0
  m_IsActive: 1
--- !u!4 &7893506647260004663
Transform:
  m_ObjectHideFlags: 0
  m_CorrespondingSourceObject: {fileID: 0}
  m_PrefabInstance: {fileID: 0}
  m_PrefabAsset: {fileID: 0}
  m_GameObject: {fileID: 648021554925989641}
  m_LocalRotation: {x: -0.0008322281, y: -0.032919228, z: 0.052517615, w: 0.9980769}
  m_LocalPosition: {x: -7.7898235, y: -5.244143, z: 2.1944435}
  m_LocalScale: {x: 1, y: 1, z: 1}
  m_Children:
  - {fileID: 896387825647427229}
  m_Father: {fileID: 2046612740020357752}
  m_RootOrder: 0
  m_LocalEulerAnglesHint: {x: 0, y: 0, z: 0}
--- !u!1 &1310965071985507874
GameObject:
  m_ObjectHideFlags: 0
  m_CorrespondingSourceObject: {fileID: 0}
  m_PrefabInstance: {fileID: 0}
  m_PrefabAsset: {fileID: 0}
  serializedVersion: 6
  m_Component:
  - component: {fileID: 2623947191105162289}
  - component: {fileID: 5395349534134083915}
  m_Layer: 0
  m_Name: Enemy 1
  m_TagString: Untagged
  m_Icon: {fileID: 0}
  m_NavMeshLayer: 0
  m_StaticEditorFlags: 0
  m_IsActive: 1
--- !u!4 &2623947191105162289
Transform:
  m_ObjectHideFlags: 0
  m_CorrespondingSourceObject: {fileID: 0}
  m_PrefabInstance: {fileID: 0}
  m_PrefabAsset: {fileID: 0}
  m_GameObject: {fileID: 1310965071985507874}
  m_LocalRotation: {x: -0, y: 0.9759242, z: -0, w: 0.21810992}
  m_LocalPosition: {x: 4.98, y: 0.5, z: -7.043}
  m_LocalScale: {x: 1, y: 1, z: 1}
  m_Children:
  - {fileID: 28966912927507296}
  - {fileID: 7703848263313601706}
  m_Father: {fileID: 0}
  m_RootOrder: 0
  m_LocalEulerAnglesHint: {x: 0, y: 154.804, z: 0}
--- !u!95 &5395349534134083915
Animator:
  serializedVersion: 3
  m_ObjectHideFlags: 0
  m_CorrespondingSourceObject: {fileID: 0}
  m_PrefabInstance: {fileID: 0}
  m_PrefabAsset: {fileID: 0}
  m_GameObject: {fileID: 1310965071985507874}
  m_Enabled: 1
  m_Avatar: {fileID: 9000000, guid: f4ac39aab6485eb4ebd397a94f8a03de, type: 3}
  m_Controller: {fileID: 9100000, guid: 9cb1d78ff60b77e4ba25202c567b83c9, type: 2}
  m_CullingMode: 1
  m_UpdateMode: 0
  m_ApplyRootMotion: 0
  m_LinearVelocityBlending: 0
  m_WarningMessage: 
  m_HasTransformHierarchy: 1
  m_AllowConstantClipSamplingOptimization: 1
  m_KeepAnimatorControllerStateOnDisable: 0
--- !u!1 &1400028277895955547
GameObject:
  m_ObjectHideFlags: 0
  m_CorrespondingSourceObject: {fileID: 0}
  m_PrefabInstance: {fileID: 0}
  m_PrefabAsset: {fileID: 0}
  serializedVersion: 6
  m_Component:
  - component: {fileID: 6865021864222639024}
  m_Layer: 0
  m_Name: joint13 1
  m_TagString: Untagged
  m_Icon: {fileID: 0}
  m_NavMeshLayer: 0
  m_StaticEditorFlags: 0
  m_IsActive: 1
--- !u!4 &6865021864222639024
Transform:
  m_ObjectHideFlags: 0
  m_CorrespondingSourceObject: {fileID: 0}
  m_PrefabInstance: {fileID: 0}
  m_PrefabAsset: {fileID: 0}
  m_GameObject: {fileID: 1400028277895955547}
  m_LocalRotation: {x: -1.1558746e-33, y: -0.023402344, z: -1.7700028e-16, w: 0.9997262}
  m_LocalPosition: {x: 2.41227, y: 2.951, z: -0.1840284}
  m_LocalScale: {x: 1, y: 1, z: 1}
  m_Children: []
  m_Father: {fileID: 1058419117516160770}
  m_RootOrder: 0
  m_LocalEulerAnglesHint: {x: 0, y: 0, z: 0}
--- !u!1 &1464618501527326330
GameObject:
  m_ObjectHideFlags: 0
  m_CorrespondingSourceObject: {fileID: 0}
  m_PrefabInstance: {fileID: 0}
  m_PrefabAsset: {fileID: 0}
  serializedVersion: 6
  m_Component:
  - component: {fileID: 8674535219028884778}
  m_Layer: 0
  m_Name: GD56_Raul_AMS_A1:l_clavicle1
  m_TagString: Untagged
  m_Icon: {fileID: 0}
  m_NavMeshLayer: 0
  m_StaticEditorFlags: 0
  m_IsActive: 1
--- !u!4 &8674535219028884778
Transform:
  m_ObjectHideFlags: 0
  m_CorrespondingSourceObject: {fileID: 0}
  m_PrefabInstance: {fileID: 0}
  m_PrefabAsset: {fileID: 0}
  m_GameObject: {fileID: 1464618501527326330}
  m_LocalRotation: {x: -0.5244877, y: -0.4742496, z: 0.5712526, w: -0.41673794}
  m_LocalPosition: {x: -13.038464, y: 0.57611096, z: -6.699919}
  m_LocalScale: {x: 1, y: 1, z: 1}
  m_Children:
  - {fileID: 7002258998816382641}
  m_Father: {fileID: 6092596071986696181}
  m_RootOrder: 1
  m_LocalEulerAnglesHint: {x: 0, y: 0, z: 0}
--- !u!1 &1579520413217392944
GameObject:
  m_ObjectHideFlags: 0
  m_CorrespondingSourceObject: {fileID: 0}
  m_PrefabInstance: {fileID: 0}
  m_PrefabAsset: {fileID: 0}
  serializedVersion: 6
  m_Component:
  - component: {fileID: 9087833983352653515}
  m_Layer: 0
  m_Name: joint6
  m_TagString: Untagged
  m_Icon: {fileID: 0}
  m_NavMeshLayer: 0
  m_StaticEditorFlags: 0
  m_IsActive: 1
--- !u!4 &9087833983352653515
Transform:
  m_ObjectHideFlags: 0
  m_CorrespondingSourceObject: {fileID: 0}
  m_PrefabInstance: {fileID: 0}
  m_PrefabAsset: {fileID: 0}
  m_GameObject: {fileID: 1579520413217392944}
  m_LocalRotation: {x: 0.0068419473, y: 0.23034388, z: -0.00502328, w: 0.9730723}
  m_LocalPosition: {x: -4.0525208, y: -3.134288, z: 1.2358853}
  m_LocalScale: {x: 1, y: 1, z: 1}
  m_Children:
  - {fileID: 6874938477812979651}
  m_Father: {fileID: 2343360468669948293}
  m_RootOrder: 0
  m_LocalEulerAnglesHint: {x: 0, y: 0, z: 0}
--- !u!1 &1742494005722042420
GameObject:
  m_ObjectHideFlags: 0
  m_CorrespondingSourceObject: {fileID: 0}
  m_PrefabInstance: {fileID: 0}
  m_PrefabAsset: {fileID: 0}
  serializedVersion: 6
  m_Component:
  - component: {fileID: 2343360468669948293}
  m_Layer: 0
  m_Name: joint5
  m_TagString: Untagged
  m_Icon: {fileID: 0}
  m_NavMeshLayer: 0
  m_StaticEditorFlags: 0
  m_IsActive: 1
--- !u!4 &2343360468669948293
Transform:
  m_ObjectHideFlags: 0
  m_CorrespondingSourceObject: {fileID: 0}
  m_PrefabInstance: {fileID: 0}
  m_PrefabAsset: {fileID: 0}
  m_GameObject: {fileID: 1742494005722042420}
  m_LocalRotation: {x: 0, y: -0, z: -0, w: 1}
  m_LocalPosition: {x: -9.21971, y: 0.08407174, z: 3.1935515}
  m_LocalScale: {x: 1, y: 1, z: 1}
  m_Children:
  - {fileID: 9087833983352653515}
  m_Father: {fileID: 5547794999037388924}
  m_RootOrder: 2
  m_LocalEulerAnglesHint: {x: 0, y: 0, z: 0}
--- !u!1 &2115818402537787539
GameObject:
  m_ObjectHideFlags: 0
  m_CorrespondingSourceObject: {fileID: 0}
  m_PrefabInstance: {fileID: 0}
  m_PrefabAsset: {fileID: 0}
  serializedVersion: 6
  m_Component:
  - component: {fileID: 2061717890743190989}
  m_Layer: 0
  m_Name: joint3 1
  m_TagString: Untagged
  m_Icon: {fileID: 0}
  m_NavMeshLayer: 0
  m_StaticEditorFlags: 0
  m_IsActive: 1
--- !u!4 &2061717890743190989
Transform:
  m_ObjectHideFlags: 0
  m_CorrespondingSourceObject: {fileID: 0}
  m_PrefabInstance: {fileID: 0}
  m_PrefabAsset: {fileID: 0}
  m_GameObject: {fileID: 2115818402537787539}
  m_LocalRotation: {x: 0.0066577033, y: 0.19535567, z: -0.005265033, w: 0.9806957}
  m_LocalPosition: {x: 3.6373897, y: 2.9053228, z: -1.7205716}
  m_LocalScale: {x: 1, y: 1, z: 1}
  m_Children:
  - {fileID: 7630508826822344676}
  m_Father: {fileID: 8383369922095034591}
  m_RootOrder: 0
  m_LocalEulerAnglesHint: {x: 0, y: 0, z: 0}
--- !u!1 &2244627290549548478
GameObject:
  m_ObjectHideFlags: 0
  m_CorrespondingSourceObject: {fileID: 0}
  m_PrefabInstance: {fileID: 0}
  m_PrefabAsset: {fileID: 0}
  serializedVersion: 6
  m_Component:
  - component: {fileID: 7662017555572869236}
  m_Layer: 0
  m_Name: joint11 1
  m_TagString: Untagged
  m_Icon: {fileID: 0}
  m_NavMeshLayer: 0
  m_StaticEditorFlags: 0
  m_IsActive: 1
--- !u!4 &7662017555572869236
Transform:
  m_ObjectHideFlags: 0
  m_CorrespondingSourceObject: {fileID: 0}
  m_PrefabInstance: {fileID: 0}
  m_PrefabAsset: {fileID: 0}
  m_GameObject: {fileID: 2244627290549548478}
  m_LocalRotation: {x: 0, y: -0, z: -0, w: 1}
  m_LocalPosition: {x: 10.007812, y: 1.4784547, z: 1.3977519}
  m_LocalScale: {x: 1, y: 1, z: 1}
  m_Children:
  - {fileID: 1058419117516160770}
  m_Father: {fileID: 6860070227851842957}
  m_RootOrder: 4
  m_LocalEulerAnglesHint: {x: 0, y: 0, z: 0}
--- !u!1 &2294760715191710100
GameObject:
  m_ObjectHideFlags: 0
  m_CorrespondingSourceObject: {fileID: 0}
  m_PrefabInstance: {fileID: 0}
  m_PrefabAsset: {fileID: 0}
  serializedVersion: 6
  m_Component:
  - component: {fileID: 3336686687774122042}
  m_Layer: 0
  m_Name: joint10
  m_TagString: Untagged
  m_Icon: {fileID: 0}
  m_NavMeshLayer: 0
  m_StaticEditorFlags: 0
  m_IsActive: 1
--- !u!4 &3336686687774122042
Transform:
  m_ObjectHideFlags: 0
  m_CorrespondingSourceObject: {fileID: 0}
  m_PrefabInstance: {fileID: 0}
  m_PrefabAsset: {fileID: 0}
  m_GameObject: {fileID: 2294760715191710100}
  m_LocalRotation: {x: 2.468522e-32, y: -0.05193835, z: -5.4628805e-15, w: 0.9986503}
  m_LocalPosition: {x: -2.7172565, y: -3.5089853, z: -4.784193e-14}
  m_LocalScale: {x: 1, y: 1, z: 1}
  m_Children: []
  m_Father: {fileID: 7482677200233296894}
  m_RootOrder: 0
  m_LocalEulerAnglesHint: {x: 0, y: 0, z: 0}
--- !u!1 &2398392079859306034
GameObject:
  m_ObjectHideFlags: 0
  m_CorrespondingSourceObject: {fileID: 0}
  m_PrefabInstance: {fileID: 0}
  m_PrefabAsset: {fileID: 0}
  serializedVersion: 6
  m_Component:
  - component: {fileID: 8168583396420895483}
  m_Layer: 0
  m_Name: GD56_Raul_AMS_A1:l_hip1
  m_TagString: Untagged
  m_Icon: {fileID: 0}
  m_NavMeshLayer: 0
  m_StaticEditorFlags: 0
  m_IsActive: 1
--- !u!4 &8168583396420895483
Transform:
  m_ObjectHideFlags: 0
  m_CorrespondingSourceObject: {fileID: 0}
  m_PrefabInstance: {fileID: 0}
  m_PrefabAsset: {fileID: 0}
  m_GameObject: {fileID: 2398392079859306034}
  m_LocalRotation: {x: 0.939696, y: 0.3045966, z: 0.04647999, w: -0.14843147}
  m_LocalPosition: {x: 9.909426, y: 0.7875384, z: 8.371129}
  m_LocalScale: {x: 1, y: 1, z: 1}
  m_Children:
  - {fileID: 3765892937193151175}
  m_Father: {fileID: 7703848263313601706}
  m_RootOrder: 2
  m_LocalEulerAnglesHint: {x: 0, y: 0, z: 0}
--- !u!1 &2421362793727794907
GameObject:
  m_ObjectHideFlags: 0
  m_CorrespondingSourceObject: {fileID: 0}
  m_PrefabInstance: {fileID: 0}
  m_PrefabAsset: {fileID: 0}
  serializedVersion: 6
  m_Component:
  - component: {fileID: 7002258998816382641}
  m_Layer: 0
  m_Name: GD56_Raul_AMS_A1:l_shoulder 1
  m_TagString: Untagged
  m_Icon: {fileID: 0}
  m_NavMeshLayer: 0
  m_StaticEditorFlags: 0
  m_IsActive: 1
--- !u!4 &7002258998816382641
Transform:
  m_ObjectHideFlags: 0
  m_CorrespondingSourceObject: {fileID: 0}
  m_PrefabInstance: {fileID: 0}
  m_PrefabAsset: {fileID: 0}
  m_GameObject: {fileID: 2421362793727794907}
  m_LocalRotation: {x: -0.0008322281, y: -0.032919228, z: 0.052517615, w: 0.9980769}
  m_LocalPosition: {x: 7.789824, y: 5.244291, z: -2.194444}
  m_LocalScale: {x: 1, y: 1, z: 1}
  m_Children:
  - {fileID: 6853259269300860025}
  m_Father: {fileID: 8674535219028884778}
  m_RootOrder: 0
  m_LocalEulerAnglesHint: {x: 0, y: 0, z: 0}
--- !u!1 &2431156532076516172
GameObject:
  m_ObjectHideFlags: 0
  m_CorrespondingSourceObject: {fileID: 0}
  m_PrefabInstance: {fileID: 0}
  m_PrefabAsset: {fileID: 0}
  serializedVersion: 6
  m_Component:
  - component: {fileID: 1082444412352011804}
  m_Layer: 0
  m_Name: joint8
  m_TagString: Untagged
  m_Icon: {fileID: 0}
  m_NavMeshLayer: 0
  m_StaticEditorFlags: 0
  m_IsActive: 1
--- !u!4 &1082444412352011804
Transform:
  m_ObjectHideFlags: 0
  m_CorrespondingSourceObject: {fileID: 0}
  m_PrefabInstance: {fileID: 0}
  m_PrefabAsset: {fileID: 0}
  m_GameObject: {fileID: 2431156532076516172}
  m_LocalRotation: {x: 0, y: -0, z: -0, w: 1}
  m_LocalPosition: {x: -10.427119, y: -0.2577029, z: 1.1251131}
  m_LocalScale: {x: 1, y: 1, z: 1}
  m_Children:
  - {fileID: 7482677200233296894}
  m_Father: {fileID: 5547794999037388924}
  m_RootOrder: 3
  m_LocalEulerAnglesHint: {x: 0, y: 0, z: 0}
--- !u!1 &2459978037877154874
GameObject:
  m_ObjectHideFlags: 0
  m_CorrespondingSourceObject: {fileID: 0}
  m_PrefabInstance: {fileID: 0}
  m_PrefabAsset: {fileID: 0}
  serializedVersion: 6
  m_Component:
  - component: {fileID: 7870443341490319713}
  m_Layer: 0
  m_Name: GD56_Raul_AMS_A1:l_ankle 1
  m_TagString: Untagged
  m_Icon: {fileID: 0}
  m_NavMeshLayer: 0
  m_StaticEditorFlags: 0
  m_IsActive: 1
--- !u!4 &7870443341490319713
Transform:
  m_ObjectHideFlags: 0
  m_CorrespondingSourceObject: {fileID: 0}
  m_PrefabInstance: {fileID: 0}
  m_PrefabAsset: {fileID: 0}
  m_GameObject: {fileID: 2459978037877154874}
  m_LocalRotation: {x: -0.16597106, y: -0.011235251, z: -0.17509642, w: 0.97039616}
  m_LocalPosition: {x: 40.406734, y: 17.640903, z: -2.1155033}
  m_LocalScale: {x: 1, y: 1, z: 1}
  m_Children:
  - {fileID: 2249653437612421471}
  m_Father: {fileID: 3765892937193151175}
  m_RootOrder: 0
  m_LocalEulerAnglesHint: {x: 0, y: 0, z: 0}
--- !u!1 &2675264968636347471
GameObject:
  m_ObjectHideFlags: 0
  m_CorrespondingSourceObject: {fileID: 0}
  m_PrefabInstance: {fileID: 0}
  m_PrefabAsset: {fileID: 0}
  serializedVersion: 6
  m_Component:
  - component: {fileID: 6853259269300860025}
  m_Layer: 0
  m_Name: GD56_Raul_AMS_A1:l_elbow 1
  m_TagString: Untagged
  m_Icon: {fileID: 0}
  m_NavMeshLayer: 0
  m_StaticEditorFlags: 0
  m_IsActive: 1
--- !u!4 &6853259269300860025
Transform:
  m_ObjectHideFlags: 0
  m_CorrespondingSourceObject: {fileID: 0}
  m_PrefabInstance: {fileID: 0}
  m_PrefabAsset: {fileID: 0}
  m_GameObject: {fileID: 2675264968636347471}
  m_LocalRotation: {x: 0.0023954497, y: 0.000058085592, z: 0.0030230556, w: 0.9999926}
  m_LocalPosition: {x: 17.34377, y: 4.28574, z: -3.168398}
  m_LocalScale: {x: 1, y: 1, z: 1}
  m_Children:
  - {fileID: 6860070227851842957}
  m_Father: {fileID: 7002258998816382641}
  m_RootOrder: 0
  m_LocalEulerAnglesHint: {x: 0, y: 0, z: 0}
--- !u!1 &2755575386348818610
GameObject:
  m_ObjectHideFlags: 0
  m_CorrespondingSourceObject: {fileID: 0}
  m_PrefabInstance: {fileID: 0}
  m_PrefabAsset: {fileID: 0}
  serializedVersion: 6
  m_Component:
  - component: {fileID: 1058419117516160770}
  m_Layer: 0
  m_Name: joint12 1
  m_TagString: Untagged
  m_Icon: {fileID: 0}
  m_NavMeshLayer: 0
  m_StaticEditorFlags: 0
  m_IsActive: 1
--- !u!4 &1058419117516160770
Transform:
  m_ObjectHideFlags: 0
  m_CorrespondingSourceObject: {fileID: 0}
  m_PrefabInstance: {fileID: 0}
  m_PrefabAsset: {fileID: 0}
  m_GameObject: {fileID: 2755575386348818610}
  m_LocalRotation: {x: 0.006940986, y: 0.24974763, z: -0.0048855203, w: 0.96827376}
  m_LocalPosition: {x: 3.111121, y: 1.5630435, z: -0.54892945}
  m_LocalScale: {x: 1, y: 1, z: 1}
  m_Children:
  - {fileID: 6865021864222639024}
  m_Father: {fileID: 7662017555572869236}
  m_RootOrder: 0
  m_LocalEulerAnglesHint: {x: 0, y: 0, z: 0}
--- !u!1 &2858908807678146751
GameObject:
  m_ObjectHideFlags: 0
  m_CorrespondingSourceObject: {fileID: 0}
  m_PrefabInstance: {fileID: 0}
  m_PrefabAsset: {fileID: 0}
  serializedVersion: 6
  m_Component:
  - component: {fileID: 2938421824531605240}
  m_Layer: 0
  m_Name: joint5 1
  m_TagString: Untagged
  m_Icon: {fileID: 0}
  m_NavMeshLayer: 0
  m_StaticEditorFlags: 0
  m_IsActive: 1
--- !u!4 &2938421824531605240
Transform:
  m_ObjectHideFlags: 0
  m_CorrespondingSourceObject: {fileID: 0}
  m_PrefabInstance: {fileID: 0}
  m_PrefabAsset: {fileID: 0}
  m_GameObject: {fileID: 2858908807678146751}
  m_LocalRotation: {x: 0, y: -0, z: -0, w: 1}
  m_LocalPosition: {x: 9.219735, y: -0.08407223, z: -3.1935356}
  m_LocalScale: {x: 1, y: 1, z: 1}
  m_Children:
  - {fileID: 5050690120874870805}
  m_Father: {fileID: 6860070227851842957}
  m_RootOrder: 2
  m_LocalEulerAnglesHint: {x: 0, y: 0, z: 0}
--- !u!1 &3261851771522744192
GameObject:
  m_ObjectHideFlags: 0
  m_CorrespondingSourceObject: {fileID: 0}
  m_PrefabInstance: {fileID: 0}
  m_PrefabAsset: {fileID: 0}
  serializedVersion: 6
  m_Component:
  - component: {fileID: 5110320993996470902}
  m_Layer: 0
  m_Name: joint11
  m_TagString: Untagged
  m_Icon: {fileID: 0}
  m_NavMeshLayer: 0
  m_StaticEditorFlags: 0
  m_IsActive: 1
--- !u!4 &5110320993996470902
Transform:
  m_ObjectHideFlags: 0
  m_CorrespondingSourceObject: {fileID: 0}
  m_PrefabInstance: {fileID: 0}
  m_PrefabAsset: {fileID: 0}
  m_GameObject: {fileID: 3261851771522744192}
  m_LocalRotation: {x: 0, y: -0, z: -0, w: 1}
  m_LocalPosition: {x: -10.007834, y: -1.4782817, z: -1.3977686}
  m_LocalScale: {x: 1, y: 1, z: 1}
  m_Children:
  - {fileID: 786291419474351036}
  m_Father: {fileID: 5547794999037388924}
  m_RootOrder: 4
  m_LocalEulerAnglesHint: {x: 0, y: 0, z: 0}
--- !u!1 &3654560708645912282
GameObject:
  m_ObjectHideFlags: 0
  m_CorrespondingSourceObject: {fileID: 0}
  m_PrefabInstance: {fileID: 0}
  m_PrefabAsset: {fileID: 0}
  serializedVersion: 6
  m_Component:
  - component: {fileID: 7630508826822344676}
  m_Layer: 0
  m_Name: joint4 1
  m_TagString: Untagged
  m_Icon: {fileID: 0}
  m_NavMeshLayer: 0
  m_StaticEditorFlags: 0
  m_IsActive: 1
--- !u!4 &7630508826822344676
Transform:
  m_ObjectHideFlags: 0
  m_CorrespondingSourceObject: {fileID: 0}
  m_PrefabInstance: {fileID: 0}
  m_PrefabAsset: {fileID: 0}
  m_GameObject: {fileID: 3654560708645912282}
  m_LocalRotation: {x: 9.403956e-38, y: -0.00058788917, z: 2.210216e-18, w: 0.9999998}
  m_LocalPosition: {x: 3.7188678, y: 3.759, z: 0.000032566095}
  m_LocalScale: {x: 1, y: 1, z: 1}
  m_Children: []
  m_Father: {fileID: 2061717890743190989}
  m_RootOrder: 0
  m_LocalEulerAnglesHint: {x: 0, y: 0, z: 0}
--- !u!1 &3838510338431417185
GameObject:
  m_ObjectHideFlags: 0
  m_CorrespondingSourceObject: {fileID: 0}
  m_PrefabInstance: {fileID: 0}
  m_PrefabAsset: {fileID: 0}
  serializedVersion: 6
  m_Component:
  - component: {fileID: 2078670103762987142}
  m_Layer: 0
  m_Name: GD56_Raul_AMS_A1:l_toe 1
  m_TagString: Untagged
  m_Icon: {fileID: 0}
  m_NavMeshLayer: 0
  m_StaticEditorFlags: 0
  m_IsActive: 1
--- !u!4 &2078670103762987142
Transform:
  m_ObjectHideFlags: 0
  m_CorrespondingSourceObject: {fileID: 0}
  m_PrefabInstance: {fileID: 0}
  m_PrefabAsset: {fileID: 0}
  m_GameObject: {fileID: 3838510338431417185}
  m_LocalRotation: {x: 0, y: 0, z: 0.0002571794, w: 1}
  m_LocalPosition: {x: 12.71276, y: -0.9281748, z: -7.0205026}
  m_LocalScale: {x: 1, y: 1, z: 1}
  m_Children: []
  m_Father: {fileID: 2249653437612421471}
  m_RootOrder: 0
  m_LocalEulerAnglesHint: {x: 0, y: 0, z: 0}
--- !u!1 &3905402941736924473
GameObject:
  m_ObjectHideFlags: 0
  m_CorrespondingSourceObject: {fileID: 0}
  m_PrefabInstance: {fileID: 0}
  m_PrefabAsset: {fileID: 0}
  serializedVersion: 6
  m_Component:
  - component: {fileID: 6058355119766106035}
  m_Layer: 0
  m_Name: joint3
  m_TagString: Untagged
  m_Icon: {fileID: 0}
  m_NavMeshLayer: 0
  m_StaticEditorFlags: 0
  m_IsActive: 1
--- !u!4 &6058355119766106035
Transform:
  m_ObjectHideFlags: 0
  m_CorrespondingSourceObject: {fileID: 0}
  m_PrefabInstance: {fileID: 0}
  m_PrefabAsset: {fileID: 0}
  m_GameObject: {fileID: 3905402941736924473}
  m_LocalRotation: {x: 0.0066577033, y: 0.19535567, z: -0.005265033, w: 0.9806957}
  m_LocalPosition: {x: -3.6374593, y: -2.9053843, z: 1.7205777}
  m_LocalScale: {x: 1, y: 1, z: 1}
  m_Children:
  - {fileID: 8429414632791916227}
  m_Father: {fileID: 701157325204339267}
  m_RootOrder: 0
  m_LocalEulerAnglesHint: {x: 0, y: 0, z: 0}
--- !u!1 &4110100393039139373
GameObject:
  m_ObjectHideFlags: 0
  m_CorrespondingSourceObject: {fileID: 0}
  m_PrefabInstance: {fileID: 0}
  m_PrefabAsset: {fileID: 0}
  serializedVersion: 6
  m_Component:
  - component: {fileID: 7235209962197464298}
  m_Layer: 0
  m_Name: GD56_Raul_AMS_A1:l_toe
  m_TagString: Untagged
  m_Icon: {fileID: 0}
  m_NavMeshLayer: 0
  m_StaticEditorFlags: 0
  m_IsActive: 1
--- !u!4 &7235209962197464298
Transform:
  m_ObjectHideFlags: 0
  m_CorrespondingSourceObject: {fileID: 0}
  m_PrefabInstance: {fileID: 0}
  m_PrefabAsset: {fileID: 0}
  m_GameObject: {fileID: 4110100393039139373}
  m_LocalRotation: {x: 0, y: 0, z: 0.0002571794, w: 1}
  m_LocalPosition: {x: -12.712713, y: 0.92816204, z: 7.020477}
  m_LocalScale: {x: 1, y: 1, z: 1}
  m_Children: []
  m_Father: {fileID: 4858045877382003345}
  m_RootOrder: 0
  m_LocalEulerAnglesHint: {x: 0, y: 0, z: 0}
--- !u!1 &4225779791123730683
GameObject:
  m_ObjectHideFlags: 0
  m_CorrespondingSourceObject: {fileID: 0}
  m_PrefabInstance: {fileID: 0}
  m_PrefabAsset: {fileID: 0}
  serializedVersion: 6
  m_Component:
  - component: {fileID: 6770526224920735323}
  m_Layer: 0
  m_Name: GD56_Raul_AMS_A1:back_lower
  m_TagString: Untagged
  m_Icon: {fileID: 0}
  m_NavMeshLayer: 0
  m_StaticEditorFlags: 0
  m_IsActive: 1
--- !u!4 &6770526224920735323
Transform:
  m_ObjectHideFlags: 0
  m_CorrespondingSourceObject: {fileID: 0}
  m_PrefabInstance: {fileID: 0}
  m_PrefabAsset: {fileID: 0}
  m_GameObject: {fileID: 4225779791123730683}
  m_LocalRotation: {x: 0.9824961, y: -0.18628351, z: 1.1406575e-17, w: -6.0160535e-17}
  m_LocalPosition: {x: -9.403526, y: -0.2738574, z: -3.8219355e-15}
  m_LocalScale: {x: 1, y: 1, z: 1}
  m_Children:
  - {fileID: 6092596071986696181}
  m_Father: {fileID: 7703848263313601706}
  m_RootOrder: 0
  m_LocalEulerAnglesHint: {x: 0, y: 0, z: 0}
--- !u!1 &4271604785469640138
GameObject:
  m_ObjectHideFlags: 0
  m_CorrespondingSourceObject: {fileID: 0}
  m_PrefabInstance: {fileID: 0}
  m_PrefabAsset: {fileID: 0}
  serializedVersion: 6
  m_Component:
  - component: {fileID: 2249653437612421471}
  m_Layer: 0
  m_Name: GD56_Raul_AMS_A1:l_ball 1
  m_TagString: Untagged
  m_Icon: {fileID: 0}
  m_NavMeshLayer: 0
  m_StaticEditorFlags: 0
  m_IsActive: 1
--- !u!4 &2249653437612421471
Transform:
  m_ObjectHideFlags: 0
  m_CorrespondingSourceObject: {fileID: 0}
  m_PrefabInstance: {fileID: 0}
  m_PrefabAsset: {fileID: 0}
  m_GameObject: {fileID: 4271604785469640138}
  m_LocalRotation: {x: -0.68678737, y: 0.1682541, z: -0.16147622, w: 0.68843246}
  m_LocalPosition: {x: 11.136667, y: -2.16729, z: 2.0711906}
  m_LocalScale: {x: 1, y: 1, z: 1}
  m_Children:
  - {fileID: 2078670103762987142}
  m_Father: {fileID: 7870443341490319713}
  m_RootOrder: 0
  m_LocalEulerAnglesHint: {x: 0, y: 0, z: 0}
--- !u!1 &4917075513981013265
GameObject:
  m_ObjectHideFlags: 0
  m_CorrespondingSourceObject: {fileID: 0}
  m_PrefabInstance: {fileID: 0}
  m_PrefabAsset: {fileID: 0}
  serializedVersion: 6
  m_Component:
  - component: {fileID: 4858045877382003345}
  m_Layer: 0
  m_Name: GD56_Raul_AMS_A1:l_ball
  m_TagString: Untagged
  m_Icon: {fileID: 0}
  m_NavMeshLayer: 0
  m_StaticEditorFlags: 0
  m_IsActive: 1
--- !u!4 &4858045877382003345
Transform:
  m_ObjectHideFlags: 0
  m_CorrespondingSourceObject: {fileID: 0}
  m_PrefabInstance: {fileID: 0}
  m_PrefabAsset: {fileID: 0}
  m_GameObject: {fileID: 4917075513981013265}
  m_LocalRotation: {x: -0.68678737, y: 0.1682541, z: -0.16147622, w: 0.68843246}
  m_LocalPosition: {x: -11.13667, y: 2.167292, z: -2.0712144}
  m_LocalScale: {x: 1, y: 1, z: 1}
  m_Children:
  - {fileID: 7235209962197464298}
  m_Father: {fileID: 595887915955836312}
  m_RootOrder: 0
  m_LocalEulerAnglesHint: {x: 0, y: 0, z: 0}
--- !u!1 &4975756676816016584
GameObject:
  m_ObjectHideFlags: 0
  m_CorrespondingSourceObject: {fileID: 0}
  m_PrefabInstance: {fileID: 0}
  m_PrefabAsset: {fileID: 0}
  serializedVersion: 6
  m_Component:
  - component: {fileID: 28966912927507296}
  - component: {fileID: 5694780661647141294}
  m_Layer: 0
  m_Name: Enemy:polySurface2
  m_TagString: Untagged
  m_Icon: {fileID: 0}
  m_NavMeshLayer: 0
  m_StaticEditorFlags: 0
  m_IsActive: 1
--- !u!4 &28966912927507296
Transform:
  m_ObjectHideFlags: 0
  m_CorrespondingSourceObject: {fileID: 0}
  m_PrefabInstance: {fileID: 0}
  m_PrefabAsset: {fileID: 0}
  m_GameObject: {fileID: 4975756676816016584}
  m_LocalRotation: {x: 0, y: -0, z: -0, w: 1}
  m_LocalPosition: {x: -0, y: -76.45149, z: -0.617852}
  m_LocalScale: {x: 0.01, y: 0.01, z: 0.01}
  m_Children: []
  m_Father: {fileID: 2623947191105162289}
  m_RootOrder: 0
  m_LocalEulerAnglesHint: {x: 0, y: 0, z: 0}
--- !u!137 &5694780661647141294
SkinnedMeshRenderer:
  m_ObjectHideFlags: 0
  m_CorrespondingSourceObject: {fileID: 0}
  m_PrefabInstance: {fileID: 0}
  m_PrefabAsset: {fileID: 0}
  m_GameObject: {fileID: 4975756676816016584}
  m_Enabled: 1
  m_CastShadows: 1
  m_ReceiveShadows: 1
  m_DynamicOccludee: 1
  m_MotionVectors: 1
  m_LightProbeUsage: 1
  m_ReflectionProbeUsage: 1
  m_RenderingLayerMask: 1
  m_RendererPriority: 0
  m_Materials:
  - {fileID: 2100000, guid: 1867746aad233c84a81b267b37192c12, type: 2}
  - {fileID: 2100000, guid: 6285028e304de67458430e191bc6e236, type: 2}
  m_StaticBatchInfo:
    firstSubMesh: 0
    subMeshCount: 0
  m_StaticBatchRoot: {fileID: 0}
  m_ProbeAnchor: {fileID: 0}
  m_LightProbeVolumeOverride: {fileID: 0}
  m_ScaleInLightmap: 1
  m_ReceiveGI: 1
  m_PreserveUVs: 0
  m_IgnoreNormalsForChartDetection: 0
  m_ImportantGI: 0
  m_StitchLightmapSeams: 1
  m_SelectedEditorRenderState: 3
  m_MinimumChartSize: 4
  m_AutoUVMaxDistance: 0.5
  m_AutoUVMaxAngle: 89
  m_LightmapParameters: {fileID: 0}
  m_SortingLayerID: 0
  m_SortingLayer: 0
  m_SortingOrder: 0
  serializedVersion: 2
  m_Quality: 0
  m_UpdateWhenOffscreen: 0
  m_SkinnedMotionVectors: 1
  m_Mesh: {fileID: 8998473820226702406, guid: affb116db0a42e3428041de4180d779c, type: 3}
  m_Bones:
  - {fileID: 7703848263313601706}
  - {fileID: 6770526224920735323}
  - {fileID: 6092596071986696181}
  - {fileID: 4755968262266805363}
  - {fileID: 8631348509719315269}
  - {fileID: 3357637278593483983}
  - {fileID: 2046612740020357752}
  - {fileID: 7893506647260004663}
  - {fileID: 896387825647427229}
  - {fileID: 5547794999037388924}
  - {fileID: 3082411649256273799}
  - {fileID: 3317508354992671616}
  - {fileID: 692933945704014116}
  - {fileID: 701157325204339267}
  - {fileID: 6058355119766106035}
  - {fileID: 8429414632791916227}
  - {fileID: 2343360468669948293}
  - {fileID: 9087833983352653515}
  - {fileID: 6874938477812979651}
  - {fileID: 1082444412352011804}
  - {fileID: 7482677200233296894}
  - {fileID: 3336686687774122042}
  - {fileID: 5110320993996470902}
  - {fileID: 786291419474351036}
  - {fileID: 4985484691410834058}
  - {fileID: 8674535219028884778}
  - {fileID: 7002258998816382641}
  - {fileID: 6853259269300860025}
  - {fileID: 6860070227851842957}
  - {fileID: 6845157830565357795}
  - {fileID: 219238278533184166}
  - {fileID: 4422069091931496368}
  - {fileID: 8383369922095034591}
  - {fileID: 2061717890743190989}
  - {fileID: 7630508826822344676}
  - {fileID: 2938421824531605240}
  - {fileID: 5050690120874870805}
  - {fileID: 2819985191632115798}
  - {fileID: 3762607757051403184}
  - {fileID: 107422057229686383}
  - {fileID: 3087458526392783249}
  - {fileID: 7662017555572869236}
  - {fileID: 1058419117516160770}
  - {fileID: 6865021864222639024}
  - {fileID: 3996702418476106517}
  - {fileID: 3822909059833473586}
  - {fileID: 595887915955836312}
  - {fileID: 4858045877382003345}
  - {fileID: 7235209962197464298}
  - {fileID: 8168583396420895483}
  - {fileID: 3765892937193151175}
  - {fileID: 7870443341490319713}
  - {fileID: 2249653437612421471}
  - {fileID: 2078670103762987142}
  m_BlendShapeWeights: []
  m_RootBone: {fileID: 7703848263313601706}
  m_AABB:
    m_Center: {x: 21.914711, y: -2.128891, z: 0.26153564}
    m_Extent: {x: 84.39965, y: 42.42613, z: 69.883835}
  m_DirtyAABB: 0
--- !u!1 &5079400428802285374
GameObject:
  m_ObjectHideFlags: 0
  m_CorrespondingSourceObject: {fileID: 0}
  m_PrefabInstance: {fileID: 0}
  m_PrefabAsset: {fileID: 0}
  serializedVersion: 6
  m_Component:
  - component: {fileID: 595887915955836312}
  m_Layer: 0
  m_Name: GD56_Raul_AMS_A1:l_ankle
  m_TagString: Untagged
  m_Icon: {fileID: 0}
  m_NavMeshLayer: 0
  m_StaticEditorFlags: 0
  m_IsActive: 1
--- !u!4 &595887915955836312
Transform:
  m_ObjectHideFlags: 0
  m_CorrespondingSourceObject: {fileID: 0}
  m_PrefabInstance: {fileID: 0}
  m_PrefabAsset: {fileID: 0}
  m_GameObject: {fileID: 5079400428802285374}
  m_LocalRotation: {x: -0.16597106, y: -0.011235251, z: -0.17509642, w: 0.97039616}
  m_LocalPosition: {x: -40.40673, y: -17.640907, z: 2.1154678}
  m_LocalScale: {x: 1, y: 1, z: 1}
  m_Children:
  - {fileID: 4858045877382003345}
  m_Father: {fileID: 3822909059833473586}
  m_RootOrder: 0
  m_LocalEulerAnglesHint: {x: 0, y: 0, z: 0}
--- !u!1 &5085082406751240261
GameObject:
  m_ObjectHideFlags: 0
  m_CorrespondingSourceObject: {fileID: 0}
  m_PrefabInstance: {fileID: 0}
  m_PrefabAsset: {fileID: 0}
  serializedVersion: 6
  m_Component:
  - component: {fileID: 5050690120874870805}
  m_Layer: 0
  m_Name: joint6 1
  m_TagString: Untagged
  m_Icon: {fileID: 0}
  m_NavMeshLayer: 0
  m_StaticEditorFlags: 0
  m_IsActive: 1
--- !u!4 &5050690120874870805
Transform:
  m_ObjectHideFlags: 0
  m_CorrespondingSourceObject: {fileID: 0}
  m_PrefabInstance: {fileID: 0}
  m_PrefabAsset: {fileID: 0}
  m_GameObject: {fileID: 5085082406751240261}
  m_LocalRotation: {x: 0.0068419473, y: 0.23034388, z: -0.00502328, w: 0.9730723}
  m_LocalPosition: {x: 4.0525365, y: 3.1346564, z: -1.2358589}
  m_LocalScale: {x: 1, y: 1, z: 1}
  m_Children:
  - {fileID: 2819985191632115798}
  m_Father: {fileID: 2938421824531605240}
  m_RootOrder: 0
  m_LocalEulerAnglesHint: {x: 0, y: 0, z: 0}
--- !u!1 &5123464695853729762
GameObject:
  m_ObjectHideFlags: 0
  m_CorrespondingSourceObject: {fileID: 0}
  m_PrefabInstance: {fileID: 0}
  m_PrefabAsset: {fileID: 0}
  serializedVersion: 6
  m_Component:
  - component: {fileID: 6860070227851842957}
  m_Layer: 0
  m_Name: GD56_Raul_AMS_A1:l_wrist 1
  m_TagString: Untagged
  m_Icon: {fileID: 0}
  m_NavMeshLayer: 0
  m_StaticEditorFlags: 0
  m_IsActive: 1
--- !u!4 &6860070227851842957
Transform:
  m_ObjectHideFlags: 0
  m_CorrespondingSourceObject: {fileID: 0}
  m_PrefabInstance: {fileID: 0}
  m_PrefabAsset: {fileID: 0}
  m_GameObject: {fileID: 5123464695853729762}
  m_LocalRotation: {x: -0.0052267886, y: 0.01218068, z: 0.0032943704, w: 0.9999068}
  m_LocalPosition: {x: 18.824516, y: 3.4614341, z: -10.567239}
  m_LocalScale: {x: 1, y: 1, z: 1}
  m_Children:
  - {fileID: 6845157830565357795}
  - {fileID: 8383369922095034591}
  - {fileID: 2938421824531605240}
  - {fileID: 3762607757051403184}
  - {fileID: 7662017555572869236}
  m_Father: {fileID: 6853259269300860025}
  m_RootOrder: 0
  m_LocalEulerAnglesHint: {x: 0, y: 0, z: 0}
--- !u!1 &5172256538131198170
GameObject:
  m_ObjectHideFlags: 0
  m_CorrespondingSourceObject: {fileID: 0}
  m_PrefabInstance: {fileID: 0}
  m_PrefabAsset: {fileID: 0}
  serializedVersion: 6
  m_Component:
  - component: {fileID: 107422057229686383}
  m_Layer: 0
  m_Name: joint9 1
  m_TagString: Untagged
  m_Icon: {fileID: 0}
  m_NavMeshLayer: 0
  m_StaticEditorFlags: 0
  m_IsActive: 1
--- !u!4 &107422057229686383
Transform:
  m_ObjectHideFlags: 0
  m_CorrespondingSourceObject: {fileID: 0}
  m_PrefabInstance: {fileID: 0}
  m_PrefabAsset: {fileID: 0}
  m_GameObject: {fileID: 5172256538131198170}
  m_LocalRotation: {x: 0.0071380245, y: 0.289772, z: -0.004592841, w: 0.9570581}
  m_LocalPosition: {x: 4.0430455, y: 2.8860202, z: -0.80654234}
  m_LocalScale: {x: 1, y: 1, z: 1}
  m_Children:
  - {fileID: 3087458526392783249}
  m_Father: {fileID: 3762607757051403184}
  m_RootOrder: 0
  m_LocalEulerAnglesHint: {x: 0, y: 0, z: 0}
--- !u!1 &5616528273430309118
GameObject:
  m_ObjectHideFlags: 0
  m_CorrespondingSourceObject: {fileID: 0}
  m_PrefabInstance: {fileID: 0}
  m_PrefabAsset: {fileID: 0}
  serializedVersion: 6
  m_Component:
  - component: {fileID: 896387825647427229}
  m_Layer: 0
  m_Name: GD56_Raul_AMS_A1:l_elbow
  m_TagString: Untagged
  m_Icon: {fileID: 0}
  m_NavMeshLayer: 0
  m_StaticEditorFlags: 0
  m_IsActive: 1
--- !u!4 &896387825647427229
Transform:
  m_ObjectHideFlags: 0
  m_CorrespondingSourceObject: {fileID: 0}
  m_PrefabInstance: {fileID: 0}
  m_PrefabAsset: {fileID: 0}
  m_GameObject: {fileID: 5616528273430309118}
  m_LocalRotation: {x: 0.0023954497, y: 0.000058085592, z: 0.0030230556, w: 0.9999926}
  m_LocalPosition: {x: -17.34379, y: -4.28625, z: 3.1684003}
  m_LocalScale: {x: 1, y: 1, z: 1}
  m_Children:
  - {fileID: 5547794999037388924}
  m_Father: {fileID: 7893506647260004663}
  m_RootOrder: 0
  m_LocalEulerAnglesHint: {x: 0, y: 0, z: 0}
--- !u!1 &5799188317049051476
GameObject:
  m_ObjectHideFlags: 0
  m_CorrespondingSourceObject: {fileID: 0}
  m_PrefabInstance: {fileID: 0}
  m_PrefabAsset: {fileID: 0}
  serializedVersion: 6
  m_Component:
  - component: {fileID: 3765892937193151175}
  m_Layer: 0
  m_Name: GD56_Raul_AMS_A1:l_knees 1
  m_TagString: Untagged
  m_Icon: {fileID: 0}
  m_NavMeshLayer: 0
  m_StaticEditorFlags: 0
  m_IsActive: 1
--- !u!4 &3765892937193151175
Transform:
  m_ObjectHideFlags: 0
  m_CorrespondingSourceObject: {fileID: 0}
  m_PrefabInstance: {fileID: 0}
  m_PrefabAsset: {fileID: 0}
  m_GameObject: {fileID: 5799188317049051476}
  m_LocalRotation: {x: 0.87376887, y: 0.4786172, z: -0.07552327, w: 0.041830856}
  m_LocalPosition: {x: 26.135191, y: 25.087399, z: -7.7798305}
  m_LocalScale: {x: 1, y: 1, z: 1}
  m_Children:
  - {fileID: 7870443341490319713}
  m_Father: {fileID: 8168583396420895483}
  m_RootOrder: 0
  m_LocalEulerAnglesHint: {x: 0, y: 0, z: 0}
--- !u!1 &5825424325678941955
GameObject:
  m_ObjectHideFlags: 0
  m_CorrespondingSourceObject: {fileID: 0}
  m_PrefabInstance: {fileID: 0}
  m_PrefabAsset: {fileID: 0}
  serializedVersion: 6
  m_Component:
  - component: {fileID: 3762607757051403184}
  m_Layer: 0
  m_Name: joint8 1
  m_TagString: Untagged
  m_Icon: {fileID: 0}
  m_NavMeshLayer: 0
  m_StaticEditorFlags: 0
  m_IsActive: 1
--- !u!4 &3762607757051403184
Transform:
  m_ObjectHideFlags: 0
  m_CorrespondingSourceObject: {fileID: 0}
  m_PrefabInstance: {fileID: 0}
  m_PrefabAsset: {fileID: 0}
  m_GameObject: {fileID: 5825424325678941955}
  m_LocalRotation: {x: 0, y: -0, z: -0, w: 1}
  m_LocalPosition: {x: 10.4271755, y: 0.2576114, z: -1.1250656}
  m_LocalScale: {x: 1, y: 1, z: 1}
  m_Children:
  - {fileID: 107422057229686383}
  m_Father: {fileID: 6860070227851842957}
  m_RootOrder: 3
  m_LocalEulerAnglesHint: {x: 0, y: 0, z: 0}
--- !u!1 &6273932509876697332
GameObject:
  m_ObjectHideFlags: 0
  m_CorrespondingSourceObject: {fileID: 0}
  m_PrefabInstance: {fileID: 0}
  m_PrefabAsset: {fileID: 0}
  serializedVersion: 6
  m_Component:
  - component: {fileID: 786291419474351036}
  m_Layer: 0
  m_Name: joint12
  m_TagString: Untagged
  m_Icon: {fileID: 0}
  m_NavMeshLayer: 0
  m_StaticEditorFlags: 0
  m_IsActive: 1
--- !u!4 &786291419474351036
Transform:
  m_ObjectHideFlags: 0
  m_CorrespondingSourceObject: {fileID: 0}
  m_PrefabInstance: {fileID: 0}
  m_PrefabAsset: {fileID: 0}
  m_GameObject: {fileID: 6273932509876697332}
  m_LocalRotation: {x: 0.006940986, y: 0.24974763, z: -0.0048855203, w: 0.96827376}
  m_LocalPosition: {x: -3.1110976, y: -1.5631262, z: 0.5489296}
  m_LocalScale: {x: 1, y: 1, z: 1}
  m_Children:
  - {fileID: 4985484691410834058}
  m_Father: {fileID: 5110320993996470902}
  m_RootOrder: 0
  m_LocalEulerAnglesHint: {x: 0, y: 0, z: 0}
--- !u!1 &6394467132265547579
GameObject:
  m_ObjectHideFlags: 0
  m_CorrespondingSourceObject: {fileID: 0}
  m_PrefabInstance: {fileID: 0}
  m_PrefabAsset: {fileID: 0}
  serializedVersion: 6
  m_Component:
  - component: {fileID: 4755968262266805363}
  m_Layer: 0
  m_Name: GD56_Raul_AMS_A1:neck
  m_TagString: Untagged
  m_Icon: {fileID: 0}
  m_NavMeshLayer: 0
  m_StaticEditorFlags: 0
  m_IsActive: 1
--- !u!4 &4755968262266805363
Transform:
  m_ObjectHideFlags: 0
  m_CorrespondingSourceObject: {fileID: 0}
  m_PrefabInstance: {fileID: 0}
  m_PrefabAsset: {fileID: 0}
  m_GameObject: {fileID: 6394467132265547579}
  m_LocalRotation: {x: 0.9943588, y: -0.106069155, z: 5.214748e-18, w: 6.213599e-17}
  m_LocalPosition: {x: -14.104647, y: 1.1950015, z: 9.304243e-16}
  m_LocalScale: {x: 1, y: 1, z: 1}
  m_Children:
  - {fileID: 8631348509719315269}
  m_Father: {fileID: 6092596071986696181}
  m_RootOrder: 2
  m_LocalEulerAnglesHint: {x: 0, y: 0, z: 0}
--- !u!1 &6415886573121059603
GameObject:
  m_ObjectHideFlags: 0
  m_CorrespondingSourceObject: {fileID: 0}
  m_PrefabInstance: {fileID: 0}
  m_PrefabAsset: {fileID: 0}
  serializedVersion: 6
  m_Component:
  - component: {fileID: 219238278533184166}
  m_Layer: 0
  m_Name: joint1 1
  m_TagString: Untagged
  m_Icon: {fileID: 0}
  m_NavMeshLayer: 0
  m_StaticEditorFlags: 0
  m_IsActive: 1
--- !u!4 &219238278533184166
Transform:
  m_ObjectHideFlags: 0
  m_CorrespondingSourceObject: {fileID: 0}
  m_PrefabInstance: {fileID: 0}
  m_PrefabAsset: {fileID: 0}
  m_GameObject: {fileID: 6415886573121059603}
  m_LocalRotation: {x: 0.0065095164, y: 0.15578048, z: -0.005447181, w: 0.98775524}
  m_LocalPosition: {x: 1.1547446, y: 2.3193092, z: -1.4103599}
  m_LocalScale: {x: 1, y: 1, z: 1}
  m_Children:
  - {fileID: 4422069091931496368}
  m_Father: {fileID: 6845157830565357795}
  m_RootOrder: 0
  m_LocalEulerAnglesHint: {x: 0, y: 0, z: 0}
--- !u!1 &6570194953957273702
GameObject:
  m_ObjectHideFlags: 0
  m_CorrespondingSourceObject: {fileID: 0}
  m_PrefabInstance: {fileID: 0}
  m_PrefabAsset: {fileID: 0}
  serializedVersion: 6
  m_Component:
  - component: {fileID: 7703848263313601706}
  m_Layer: 0
  m_Name: GD56_Raul_AMS_A1:waist
  m_TagString: Untagged
  m_Icon: {fileID: 0}
  m_NavMeshLayer: 0
  m_StaticEditorFlags: 0
  m_IsActive: 1
--- !u!4 &7703848263313601706
Transform:
  m_ObjectHideFlags: 0
  m_CorrespondingSourceObject: {fileID: 0}
  m_PrefabInstance: {fileID: 0}
  m_PrefabAsset: {fileID: 0}
  m_GameObject: {fileID: 6570194953957273702}
  m_LocalRotation: {x: -0.45713133, y: 0.5394729, z: -0.45713133, w: 0.5394729}
  m_LocalPosition: {x: -0.0026153908, y: 0.974666, z: 0.022899263}
  m_LocalScale: {x: 0.01, y: 0.01, z: 0.01}
  m_Children:
  - {fileID: 6770526224920735323}
  - {fileID: 3996702418476106517}
  - {fileID: 8168583396420895483}
  m_Father: {fileID: 2623947191105162289}
  m_RootOrder: 1
  m_LocalEulerAnglesHint: {x: 0, y: 0, z: 0}
--- !u!1 &6625248668656352822
GameObject:
  m_ObjectHideFlags: 0
  m_CorrespondingSourceObject: {fileID: 0}
  m_PrefabInstance: {fileID: 0}
  m_PrefabAsset: {fileID: 0}
  serializedVersion: 6
  m_Component:
  - component: {fileID: 6845157830565357795}
  m_Layer: 0
  m_Name: GD56_Raul_AMS_A1:l_hand 1
  m_TagString: Untagged
  m_Icon: {fileID: 0}
  m_NavMeshLayer: 0
  m_StaticEditorFlags: 0
  m_IsActive: 1
--- !u!4 &6845157830565357795
Transform:
  m_ObjectHideFlags: 0
  m_CorrespondingSourceObject: {fileID: 0}
  m_PrefabInstance: {fileID: 0}
  m_PrefabAsset: {fileID: 0}
  m_GameObject: {fileID: 6625248668656352822}
  m_LocalRotation: {x: -7.703872e-34, y: 0.00626942, z: 4.495462e-16, w: 0.9999804}
  m_LocalPosition: {x: 2.0299833, y: 3.3141773, z: -5.903273}
  m_LocalScale: {x: 1, y: 1, z: 1}
  m_Children:
  - {fileID: 219238278533184166}
  m_Father: {fileID: 6860070227851842957}
  m_RootOrder: 0
  m_LocalEulerAnglesHint: {x: 0, y: 0, z: 0}
--- !u!1 &6643884765863482489
GameObject:
  m_ObjectHideFlags: 0
  m_CorrespondingSourceObject: {fileID: 0}
  m_PrefabInstance: {fileID: 0}
  m_PrefabAsset: {fileID: 0}
  serializedVersion: 6
  m_Component:
  - component: {fileID: 4985484691410834058}
  m_Layer: 0
  m_Name: joint13
  m_TagString: Untagged
  m_Icon: {fileID: 0}
  m_NavMeshLayer: 0
  m_StaticEditorFlags: 0
  m_IsActive: 1
--- !u!4 &4985484691410834058
Transform:
  m_ObjectHideFlags: 0
  m_CorrespondingSourceObject: {fileID: 0}
  m_PrefabInstance: {fileID: 0}
  m_PrefabAsset: {fileID: 0}
  m_GameObject: {fileID: 6643884765863482489}
  m_LocalRotation: {x: 1.232933e-32, y: -0.023402344, z: 6.719096e-15, w: 0.9997262}
  m_LocalPosition: {x: -2.4122322, y: -2.9514253, z: 0.1840893}
  m_LocalScale: {x: 1, y: 1, z: 1}
  m_Children: []
  m_Father: {fileID: 786291419474351036}
  m_RootOrder: 0
  m_LocalEulerAnglesHint: {x: 0, y: 0, z: 0}
--- !u!1 &6644334006577537859
GameObject:
  m_ObjectHideFlags: 0
  m_CorrespondingSourceObject: {fileID: 0}
  m_PrefabInstance: {fileID: 0}
  m_PrefabAsset: {fileID: 0}
  serializedVersion: 6
  m_Component:
  - component: {fileID: 692933945704014116}
  m_Layer: 0
  m_Name: joint14
  m_TagString: Untagged
  m_Icon: {fileID: 0}
  m_NavMeshLayer: 0
  m_StaticEditorFlags: 0
  m_IsActive: 1
--- !u!4 &692933945704014116
Transform:
  m_ObjectHideFlags: 0
  m_CorrespondingSourceObject: {fileID: 0}
  m_PrefabInstance: {fileID: 0}
  m_PrefabAsset: {fileID: 0}
  m_GameObject: {fileID: 6644334006577537859}
  m_LocalRotation: {x: 0, y: -0.011314717, z: -0, w: 0.999936}
  m_LocalPosition: {x: -3.6350546, y: -2.3056154, z: 0.07892156}
  m_LocalScale: {x: 1, y: 1, z: 1}
  m_Children: []
  m_Father: {fileID: 3317508354992671616}
  m_RootOrder: 0
  m_LocalEulerAnglesHint: {x: 0, y: 0, z: 0}
--- !u!1 &7178713632620013344
GameObject:
  m_ObjectHideFlags: 0
  m_CorrespondingSourceObject: {fileID: 0}
  m_PrefabInstance: {fileID: 0}
  m_PrefabAsset: {fileID: 0}
  serializedVersion: 6
  m_Component:
  - component: {fileID: 5547794999037388924}
  m_Layer: 0
  m_Name: GD56_Raul_AMS_A1:l_wrist
  m_TagString: Untagged
  m_Icon: {fileID: 0}
  m_NavMeshLayer: 0
  m_StaticEditorFlags: 0
  m_IsActive: 1
--- !u!4 &5547794999037388924
Transform:
  m_ObjectHideFlags: 0
  m_CorrespondingSourceObject: {fileID: 0}
  m_PrefabInstance: {fileID: 0}
  m_PrefabAsset: {fileID: 0}
  m_GameObject: {fileID: 7178713632620013344}
  m_LocalRotation: {x: -0.0052267886, y: 0.01218068, z: 0.0032943704, w: 0.9999068}
  m_LocalPosition: {x: -18.824537, y: -3.4612858, z: 10.567227}
  m_LocalScale: {x: 1, y: 1, z: 1}
  m_Children:
  - {fileID: 3082411649256273799}
  - {fileID: 701157325204339267}
  - {fileID: 2343360468669948293}
  - {fileID: 1082444412352011804}
  - {fileID: 5110320993996470902}
  m_Father: {fileID: 896387825647427229}
  m_RootOrder: 0
  m_LocalEulerAnglesHint: {x: 0, y: 0, z: 0}
--- !u!1 &7354723338027921026
GameObject:
  m_ObjectHideFlags: 0
  m_CorrespondingSourceObject: {fileID: 0}
  m_PrefabInstance: {fileID: 0}
  m_PrefabAsset: {fileID: 0}
  serializedVersion: 6
  m_Component:
  - component: {fileID: 3996702418476106517}
  m_Layer: 0
  m_Name: GD56_Raul_AMS_A1:l_hip
  m_TagString: Untagged
  m_Icon: {fileID: 0}
  m_NavMeshLayer: 0
  m_StaticEditorFlags: 0
  m_IsActive: 1
--- !u!4 &3996702418476106517
Transform:
  m_ObjectHideFlags: 0
  m_CorrespondingSourceObject: {fileID: 0}
  m_PrefabInstance: {fileID: 0}
  m_PrefabAsset: {fileID: 0}
  m_GameObject: {fileID: 7354723338027921026}
  m_LocalRotation: {x: -0.3045966, y: 0.939696, z: -0.14843147, w: -0.04647999}
  m_LocalPosition: {x: 9.909454, y: 0.7875338, z: -8.371127}
  m_LocalScale: {x: 1, y: 1, z: 1}
  m_Children:
  - {fileID: 3822909059833473586}
  m_Father: {fileID: 7703848263313601706}
  m_RootOrder: 1
  m_LocalEulerAnglesHint: {x: 0, y: 0, z: 0}
--- !u!1 &7528342957855749833
GameObject:
  m_ObjectHideFlags: 0
  m_CorrespondingSourceObject: {fileID: 0}
  m_PrefabInstance: {fileID: 0}
  m_PrefabAsset: {fileID: 0}
  serializedVersion: 6
  m_Component:
  - component: {fileID: 3087458526392783249}
  m_Layer: 0
  m_Name: joint10 1
  m_TagString: Untagged
  m_Icon: {fileID: 0}
  m_NavMeshLayer: 0
  m_StaticEditorFlags: 0
  m_IsActive: 1
--- !u!4 &3087458526392783249
Transform:
  m_ObjectHideFlags: 0
  m_CorrespondingSourceObject: {fileID: 0}
  m_PrefabInstance: {fileID: 0}
  m_PrefabAsset: {fileID: 0}
  m_GameObject: {fileID: 7528342957855749833}
  m_LocalRotation: {x: 2.1599569e-32, y: -0.05193835, z: -7.6533254e-16, w: 0.9986503}
  m_LocalPosition: {x: 2.7172613, y: 3.509, z: 0.000037139067}
  m_LocalScale: {x: 1, y: 1, z: 1}
  m_Children: []
  m_Father: {fileID: 107422057229686383}
  m_RootOrder: 0
  m_LocalEulerAnglesHint: {x: 0, y: 0, z: 0}
--- !u!1 &7661218854147208484
GameObject:
  m_ObjectHideFlags: 0
  m_CorrespondingSourceObject: {fileID: 0}
  m_PrefabInstance: {fileID: 0}
  m_PrefabAsset: {fileID: 0}
  serializedVersion: 6
  m_Component:
  - component: {fileID: 2046612740020357752}
  m_Layer: 0
  m_Name: GD56_Raul_AMS_A1:l_clavicle
  m_TagString: Untagged
  m_Icon: {fileID: 0}
  m_NavMeshLayer: 0
  m_StaticEditorFlags: 0
  m_IsActive: 1
--- !u!4 &2046612740020357752
Transform:
  m_ObjectHideFlags: 0
  m_CorrespondingSourceObject: {fileID: 0}
  m_PrefabInstance: {fileID: 0}
  m_PrefabAsset: {fileID: 0}
  m_GameObject: {fileID: 7661218854147208484}
  m_LocalRotation: {x: -0.4742496, y: 0.5244877, z: 0.41673794, w: 0.5712526}
  m_LocalPosition: {x: -13.0386305, y: 0.57614625, z: 6.699915}
  m_LocalScale: {x: 1, y: 1, z: 1}
  m_Children:
  - {fileID: 7893506647260004663}
  m_Father: {fileID: 6092596071986696181}
  m_RootOrder: 0
  m_LocalEulerAnglesHint: {x: 0, y: 0, z: 0}
--- !u!1 &7731511143201893380
GameObject:
  m_ObjectHideFlags: 0
  m_CorrespondingSourceObject: {fileID: 0}
  m_PrefabInstance: {fileID: 0}
  m_PrefabAsset: {fileID: 0}
  serializedVersion: 6
  m_Component:
  - component: {fileID: 8631348509719315269}
  m_Layer: 0
  m_Name: GD56_Raul_AMS_A1:head
  m_TagString: Untagged
  m_Icon: {fileID: 0}
  m_NavMeshLayer: 0
  m_StaticEditorFlags: 0
  m_IsActive: 1
--- !u!4 &8631348509719315269
Transform:
  m_ObjectHideFlags: 0
  m_CorrespondingSourceObject: {fileID: 0}
  m_PrefabInstance: {fileID: 0}
  m_PrefabAsset: {fileID: 0}
  m_GameObject: {fileID: 7731511143201893380}
  m_LocalRotation: {x: -5.551115e-17, y: 2.7755576e-17, z: 0.26714033, w: 0.9636576}
  m_LocalPosition: {x: -6.8234186, y: -0.105557315, z: -4.4925535e-15}
  m_LocalScale: {x: 1, y: 1, z: 1}
  m_Children:
  - {fileID: 3357637278593483983}
  m_Father: {fileID: 4755968262266805363}
  m_RootOrder: 0
  m_LocalEulerAnglesHint: {x: 0, y: 0, z: 0}
--- !u!1 &7795992513041506875
GameObject:
  m_ObjectHideFlags: 0
  m_CorrespondingSourceObject: {fileID: 0}
  m_PrefabInstance: {fileID: 0}
  m_PrefabAsset: {fileID: 0}
  serializedVersion: 6
  m_Component:
  - component: {fileID: 3822909059833473586}
  m_Layer: 0
  m_Name: GD56_Raul_AMS_A1:l_knees
  m_TagString: Untagged
  m_Icon: {fileID: 0}
  m_NavMeshLayer: 0
  m_StaticEditorFlags: 0
  m_IsActive: 1
--- !u!4 &3822909059833473586
Transform:
  m_ObjectHideFlags: 0
  m_CorrespondingSourceObject: {fileID: 0}
  m_PrefabInstance: {fileID: 0}
  m_PrefabAsset: {fileID: 0}
  m_GameObject: {fileID: 7795992513041506875}
  m_LocalRotation: {x: 0.87376887, y: 0.4786172, z: -0.07552327, w: 0.041830856}
  m_LocalPosition: {x: -26.135168, y: -25.087389, z: 7.77979}
  m_LocalScale: {x: 1, y: 1, z: 1}
  m_Children:
  - {fileID: 595887915955836312}
  m_Father: {fileID: 3996702418476106517}
  m_RootOrder: 0
  m_LocalEulerAnglesHint: {x: 0, y: 0, z: 0}
--- !u!1 &7823469156395870043
GameObject:
  m_ObjectHideFlags: 0
  m_CorrespondingSourceObject: {fileID: 0}
  m_PrefabInstance: {fileID: 0}
  m_PrefabAsset: {fileID: 0}
  serializedVersion: 6
  m_Component:
  - component: {fileID: 3317508354992671616}
  m_Layer: 0
  m_Name: joint1
  m_TagString: Untagged
  m_Icon: {fileID: 0}
  m_NavMeshLayer: 0
  m_StaticEditorFlags: 0
  m_IsActive: 1
--- !u!4 &3317508354992671616
Transform:
  m_ObjectHideFlags: 0
  m_CorrespondingSourceObject: {fileID: 0}
  m_PrefabInstance: {fileID: 0}
  m_PrefabAsset: {fileID: 0}
  m_GameObject: {fileID: 7823469156395870043}
  m_LocalRotation: {x: 0.0065095164, y: 0.15578048, z: -0.005447181, w: 0.98775524}
  m_LocalPosition: {x: -1.1547832, y: -2.3185632, z: 1.4104159}
  m_LocalScale: {x: 1, y: 1, z: 1}
  m_Children:
  - {fileID: 692933945704014116}
  m_Father: {fileID: 3082411649256273799}
  m_RootOrder: 0
  m_LocalEulerAnglesHint: {x: 0, y: 0, z: 0}
--- !u!1 &7857954550596805799
GameObject:
  m_ObjectHideFlags: 0
  m_CorrespondingSourceObject: {fileID: 0}
  m_PrefabInstance: {fileID: 0}
  m_PrefabAsset: {fileID: 0}
  serializedVersion: 6
  m_Component:
  - component: {fileID: 6092596071986696181}
  m_Layer: 0
  m_Name: GD56_Raul_AMS_A1:back_upper
  m_TagString: Untagged
  m_Icon: {fileID: 0}
  m_NavMeshLayer: 0
  m_StaticEditorFlags: 0
  m_IsActive: 1
--- !u!4 &6092596071986696181
Transform:
  m_ObjectHideFlags: 0
  m_CorrespondingSourceObject: {fileID: 0}
  m_PrefabInstance: {fileID: 0}
  m_PrefabAsset: {fileID: 0}
  m_GameObject: {fileID: 7857954550596805799}
  m_LocalRotation: {x: 0, y: 0, z: -0.0022454872, w: 0.9999975}
  m_LocalPosition: {x: -8.21289, y: 0.24373601, z: 5.2930335e-15}
  m_LocalScale: {x: 1, y: 1, z: 1}
  m_Children:
  - {fileID: 2046612740020357752}
  - {fileID: 8674535219028884778}
  - {fileID: 4755968262266805363}
  m_Father: {fileID: 6770526224920735323}
  m_RootOrder: 0
  m_LocalEulerAnglesHint: {x: 0, y: 0, z: 0}
--- !u!1 &7879746844361582261
GameObject:
  m_ObjectHideFlags: 0
  m_CorrespondingSourceObject: {fileID: 0}
  m_PrefabInstance: {fileID: 0}
  m_PrefabAsset: {fileID: 0}
  serializedVersion: 6
  m_Component:
  - component: {fileID: 8383369922095034591}
  m_Layer: 0
  m_Name: joint2 1
  m_TagString: Untagged
  m_Icon: {fileID: 0}
  m_NavMeshLayer: 0
  m_StaticEditorFlags: 0
  m_IsActive: 1
--- !u!4 &8383369922095034591
Transform:
  m_ObjectHideFlags: 0
  m_CorrespondingSourceObject: {fileID: 0}
  m_PrefabInstance: {fileID: 0}
  m_PrefabAsset: {fileID: 0}
  m_GameObject: {fileID: 7879746844361582261}
  m_LocalRotation: {x: 0, y: -0, z: -0, w: 1}
  m_LocalPosition: {x: 8.371355, y: -0.046424303, z: -5.618225}
  m_LocalScale: {x: 1, y: 1, z: 1}
  m_Children:
  - {fileID: 2061717890743190989}
  m_Father: {fileID: 6860070227851842957}
  m_RootOrder: 1
  m_LocalEulerAnglesHint: {x: 0, y: 0, z: 0}
--- !u!1 &8096100065391649613
GameObject:
  m_ObjectHideFlags: 0
  m_CorrespondingSourceObject: {fileID: 0}
  m_PrefabInstance: {fileID: 0}
  m_PrefabAsset: {fileID: 0}
  serializedVersion: 6
  m_Component:
  - component: {fileID: 2819985191632115798}
  m_Layer: 0
  m_Name: joint7 1
  m_TagString: Untagged
  m_Icon: {fileID: 0}
  m_NavMeshLayer: 0
  m_StaticEditorFlags: 0
  m_IsActive: 1
--- !u!4 &2819985191632115798
Transform:
  m_ObjectHideFlags: 0
  m_CorrespondingSourceObject: {fileID: 0}
  m_PrefabInstance: {fileID: 0}
  m_PrefabAsset: {fileID: 0}
  m_GameObject: {fileID: 8096100065391649613}
  m_LocalRotation: {x: -1.237856e-32, y: -0.09209655, z: -7.1626445e-16, w: 0.99575007}
  m_LocalPosition: {x: 3.985618, y: 4.267, z: -0.00008937125}
  m_LocalScale: {x: 1, y: 1, z: 1}
  m_Children: []
  m_Father: {fileID: 5050690120874870805}
  m_RootOrder: 0
  m_LocalEulerAnglesHint: {x: 0, y: 0, z: 0}
--- !u!1 &8652024051201192370
GameObject:
  m_ObjectHideFlags: 0
  m_CorrespondingSourceObject: {fileID: 0}
  m_PrefabInstance: {fileID: 0}
  m_PrefabAsset: {fileID: 0}
  serializedVersion: 6
  m_Component:
  - component: {fileID: 4422069091931496368}
  m_Layer: 0
  m_Name: joint14 1
  m_TagString: Untagged
  m_Icon: {fileID: 0}
  m_NavMeshLayer: 0
  m_StaticEditorFlags: 0
  m_IsActive: 1
--- !u!4 &4422069091931496368
Transform:
  m_ObjectHideFlags: 0
  m_CorrespondingSourceObject: {fileID: 0}
  m_PrefabInstance: {fileID: 0}
  m_PrefabAsset: {fileID: 0}
  m_GameObject: {fileID: 8652024051201192370}
  m_LocalRotation: {x: 0.0000000074501036, y: -0.011314717, z: 8.430112e-11, w: 0.999936}
  m_LocalPosition: {x: 3.6351144, y: 2.305, z: -0.07890302}
  m_LocalScale: {x: 1, y: 1, z: 1}
  m_Children: []
  m_Father: {fileID: 219238278533184166}
  m_RootOrder: 0
  m_LocalEulerAnglesHint: {x: 0, y: 0, z: 0}
--- !u!1 &9127214384681292396
GameObject:
  m_ObjectHideFlags: 0
  m_CorrespondingSourceObject: {fileID: 0}
  m_PrefabInstance: {fileID: 0}
  m_PrefabAsset: {fileID: 0}
  serializedVersion: 6
  m_Component:
  - component: {fileID: 7482677200233296894}
  m_Layer: 0
  m_Name: joint9
  m_TagString: Untagged
  m_Icon: {fileID: 0}
  m_NavMeshLayer: 0
  m_StaticEditorFlags: 0
  m_IsActive: 1
--- !u!4 &7482677200233296894
Transform:
  m_ObjectHideFlags: 0
  m_CorrespondingSourceObject: {fileID: 0}
  m_PrefabInstance: {fileID: 0}
  m_PrefabAsset: {fileID: 0}
  m_GameObject: {fileID: 9127214384681292396}
  m_LocalRotation: {x: 0.0071380245, y: 0.289772, z: -0.004592841, w: 0.9570581}
  m_LocalPosition: {x: -4.043099, y: -2.8858373, z: 0.8065224}
  m_LocalScale: {x: 1, y: 1, z: 1}
  m_Children:
  - {fileID: 3336686687774122042}
  m_Father: {fileID: 1082444412352011804}
  m_RootOrder: 0
  m_LocalEulerAnglesHint: {x: 0, y: 0, z: 0}
--- !u!1 &9150633960050104963
GameObject:
  m_ObjectHideFlags: 0
  m_CorrespondingSourceObject: {fileID: 0}
  m_PrefabInstance: {fileID: 0}
  m_PrefabAsset: {fileID: 0}
  serializedVersion: 6
  m_Component:
  - component: {fileID: 3082411649256273799}
  m_Layer: 0
  m_Name: GD56_Raul_AMS_A1:l_hand
  m_TagString: Untagged
  m_Icon: {fileID: 0}
  m_NavMeshLayer: 0
  m_StaticEditorFlags: 0
  m_IsActive: 1
--- !u!4 &3082411649256273799
Transform:
  m_ObjectHideFlags: 0
  m_CorrespondingSourceObject: {fileID: 0}
  m_PrefabInstance: {fileID: 0}
  m_PrefabAsset: {fileID: 0}
  m_GameObject: {fileID: 9150633960050104963}
  m_LocalRotation: {x: 0, y: 0.00626942, z: -0, w: 0.9999804}
  m_LocalPosition: {x: -2.0299456, y: -3.3145936, z: 5.9032316}
  m_LocalScale: {x: 1, y: 1, z: 1}
  m_Children:
  - {fileID: 3317508354992671616}
  m_Father: {fileID: 5547794999037388924}
  m_RootOrder: 0
  m_LocalEulerAnglesHint: {x: 0, y: 0, z: 0}
