%YAML 1.1
%TAG !u! tag:unity3d.com,2011:
--- !u!1 &6869796187624140
GameObject:
  m_ObjectHideFlags: 0
  m_CorrespondingSourceObject: {fileID: 0}
  m_PrefabInstance: {fileID: 0}
  m_PrefabAsset: {fileID: 0}
  serializedVersion: 6
  m_Component:
  - component: {fileID: 4792054242791177751}
  m_Layer: 0
  m_Name: joint1
  m_TagString: Untagged
  m_Icon: {fileID: 0}
  m_NavMeshLayer: 0
  m_StaticEditorFlags: 0
  m_IsActive: 1
--- !u!4 &4792054242791177751
Transform:
  m_ObjectHideFlags: 0
  m_CorrespondingSourceObject: {fileID: 0}
  m_PrefabInstance: {fileID: 0}
  m_PrefabAsset: {fileID: 0}
  m_GameObject: {fileID: 6869796187624140}
  m_LocalRotation: {x: 0.0065095164, y: 0.15578048, z: -0.005447181, w: 0.98775524}
  m_LocalPosition: {x: -1.1547832, y: -2.3185632, z: 1.4104159}
  m_LocalScale: {x: 1, y: 1, z: 1}
  m_Children:
  - {fileID: 7284335404419732659}
  m_Father: {fileID: 5065439778794635792}
  m_RootOrder: 0
  m_LocalEulerAnglesHint: {x: 0, y: 0, z: 0}
--- !u!1 &52370111959635884
GameObject:
  m_ObjectHideFlags: 0
  m_CorrespondingSourceObject: {fileID: 0}
  m_PrefabInstance: {fileID: 0}
  m_PrefabAsset: {fileID: 0}
  serializedVersion: 6
  m_Component:
  - component: {fileID: 6451213215710650277}
  m_Layer: 0
  m_Name: GD56_Raul_AMS_A1:l_knees
  m_TagString: Untagged
  m_Icon: {fileID: 0}
  m_NavMeshLayer: 0
  m_StaticEditorFlags: 0
  m_IsActive: 1
--- !u!4 &6451213215710650277
Transform:
  m_ObjectHideFlags: 0
  m_CorrespondingSourceObject: {fileID: 0}
  m_PrefabInstance: {fileID: 0}
  m_PrefabAsset: {fileID: 0}
  m_GameObject: {fileID: 52370111959635884}
  m_LocalRotation: {x: 0.87376887, y: 0.4786172, z: -0.07552327, w: 0.041830856}
  m_LocalPosition: {x: -26.135168, y: -25.087389, z: 7.77979}
  m_LocalScale: {x: 1, y: 1, z: 1}
  m_Children:
  - {fileID: 7264279069238026255}
  m_Father: {fileID: 6628665439317964418}
  m_RootOrder: 0
  m_LocalEulerAnglesHint: {x: 0, y: 0, z: 0}
--- !u!1 &110324668337918256
GameObject:
  m_ObjectHideFlags: 0
  m_CorrespondingSourceObject: {fileID: 0}
  m_PrefabInstance: {fileID: 0}
  m_PrefabAsset: {fileID: 0}
  serializedVersion: 6
  m_Component:
  - component: {fileID: 4037437950294178402}
  m_Layer: 0
  m_Name: GD56_Raul_AMS_A1:back_upper
  m_TagString: Untagged
  m_Icon: {fileID: 0}
  m_NavMeshLayer: 0
  m_StaticEditorFlags: 0
  m_IsActive: 1
--- !u!4 &4037437950294178402
Transform:
  m_ObjectHideFlags: 0
  m_CorrespondingSourceObject: {fileID: 0}
  m_PrefabInstance: {fileID: 0}
  m_PrefabAsset: {fileID: 0}
  m_GameObject: {fileID: 110324668337918256}
  m_LocalRotation: {x: 0, y: 0, z: -0.0022454872, w: 0.9999975}
  m_LocalPosition: {x: -8.21289, y: 0.24373601, z: 5.2930335e-15}
  m_LocalScale: {x: 1, y: 1, z: 1}
  m_Children:
  - {fileID: 8137411639892901871}
  - {fileID: 1506665620389152957}
  - {fileID: 3353620810617317860}
  m_Father: {fileID: 3566672846432230348}
  m_RootOrder: 0
  m_LocalEulerAnglesHint: {x: 0, y: 0, z: 0}
--- !u!1 &130779992176939810
GameObject:
  m_ObjectHideFlags: 0
  m_CorrespondingSourceObject: {fileID: 0}
  m_PrefabInstance: {fileID: 0}
  m_PrefabAsset: {fileID: 0}
  serializedVersion: 6
  m_Component:
  - component: {fileID: 1791681902825506120}
  m_Layer: 0
  m_Name: joint2 1
  m_TagString: Untagged
  m_Icon: {fileID: 0}
  m_NavMeshLayer: 0
  m_StaticEditorFlags: 0
  m_IsActive: 1
--- !u!4 &1791681902825506120
Transform:
  m_ObjectHideFlags: 0
  m_CorrespondingSourceObject: {fileID: 0}
  m_PrefabInstance: {fileID: 0}
  m_PrefabAsset: {fileID: 0}
  m_GameObject: {fileID: 130779992176939810}
  m_LocalRotation: {x: 0, y: -0, z: -0, w: 1}
  m_LocalPosition: {x: 8.371355, y: -0.046424303, z: -5.618225}
  m_LocalScale: {x: 1, y: 1, z: 1}
  m_Children:
  - {fileID: 8076734017117024346}
  m_Father: {fileID: 3727078555156586522}
  m_RootOrder: 1
  m_LocalEulerAnglesHint: {x: 0, y: 0, z: 0}
--- !u!1 &356047965003711326
GameObject:
  m_ObjectHideFlags: 0
  m_CorrespondingSourceObject: {fileID: 0}
  m_PrefabInstance: {fileID: 0}
  m_PrefabAsset: {fileID: 0}
  serializedVersion: 6
  m_Component:
  - component: {fileID: 5067174789234729990}
  m_Layer: 0
  m_Name: joint10 1
  m_TagString: Untagged
  m_Icon: {fileID: 0}
  m_NavMeshLayer: 0
  m_StaticEditorFlags: 0
  m_IsActive: 1
--- !u!4 &5067174789234729990
Transform:
  m_ObjectHideFlags: 0
  m_CorrespondingSourceObject: {fileID: 0}
  m_PrefabInstance: {fileID: 0}
  m_PrefabAsset: {fileID: 0}
  m_GameObject: {fileID: 356047965003711326}
  m_LocalRotation: {x: 2.1599569e-32, y: -0.05193835, z: -7.6533254e-16, w: 0.9986503}
  m_LocalPosition: {x: 2.7172613, y: 3.509, z: 0.000037139067}
  m_LocalScale: {x: 1, y: 1, z: 1}
  m_Children: []
  m_Father: {fileID: 7923872983074317304}
  m_RootOrder: 0
  m_LocalEulerAnglesHint: {x: 0, y: 0, z: 0}
--- !u!1 &493423712724975795
GameObject:
  m_ObjectHideFlags: 0
  m_CorrespondingSourceObject: {fileID: 0}
  m_PrefabInstance: {fileID: 0}
  m_PrefabAsset: {fileID: 0}
  serializedVersion: 6
  m_Component:
  - component: {fileID: 8137411639892901871}
  m_Layer: 0
  m_Name: GD56_Raul_AMS_A1:l_clavicle
  m_TagString: Untagged
  m_Icon: {fileID: 0}
  m_NavMeshLayer: 0
  m_StaticEditorFlags: 0
  m_IsActive: 1
--- !u!4 &8137411639892901871
Transform:
  m_ObjectHideFlags: 0
  m_CorrespondingSourceObject: {fileID: 0}
  m_PrefabInstance: {fileID: 0}
  m_PrefabAsset: {fileID: 0}
  m_GameObject: {fileID: 493423712724975795}
  m_LocalRotation: {x: -0.4742496, y: 0.5244877, z: 0.41673794, w: 0.5712526}
  m_LocalPosition: {x: -13.0386305, y: 0.57614625, z: 6.699915}
  m_LocalScale: {x: 1, y: 1, z: 1}
  m_Children:
  - {fileID: 72547757270512800}
  m_Father: {fileID: 4037437950294178402}
  m_RootOrder: 0
  m_LocalEulerAnglesHint: {x: 0, y: 0, z: 0}
--- !u!1 &558793660834503059
GameObject:
  m_ObjectHideFlags: 0
  m_CorrespondingSourceObject: {fileID: 0}
  m_PrefabInstance: {fileID: 0}
  m_PrefabAsset: {fileID: 0}
  serializedVersion: 6
  m_Component:
  - component: {fileID: 1964226985301964498}
  m_Layer: 0
  m_Name: GD56_Raul_AMS_A1:head
  m_TagString: Untagged
  m_Icon: {fileID: 0}
  m_NavMeshLayer: 0
  m_StaticEditorFlags: 0
  m_IsActive: 1
--- !u!4 &1964226985301964498
Transform:
  m_ObjectHideFlags: 0
  m_CorrespondingSourceObject: {fileID: 0}
  m_PrefabInstance: {fileID: 0}
  m_PrefabAsset: {fileID: 0}
  m_GameObject: {fileID: 558793660834503059}
  m_LocalRotation: {x: -5.551115e-17, y: 2.7755576e-17, z: 0.26714033, w: 0.9636576}
  m_LocalPosition: {x: -6.8234186, y: -0.105557315, z: -4.4925535e-15}
  m_LocalScale: {x: 1, y: 1, z: 1}
  m_Children:
  - {fileID: 4760967695148429656}
  m_Father: {fileID: 3353620810617317860}
  m_RootOrder: 0
  m_LocalEulerAnglesHint: {x: 0, y: 0, z: 0}
--- !u!1 &764444654387059477
GameObject:
  m_ObjectHideFlags: 0
  m_CorrespondingSourceObject: {fileID: 0}
  m_PrefabInstance: {fileID: 0}
  m_PrefabAsset: {fileID: 0}
  serializedVersion: 6
  m_Component:
  - component: {fileID: 6628665439317964418}
  m_Layer: 0
  m_Name: GD56_Raul_AMS_A1:l_hip
  m_TagString: Untagged
  m_Icon: {fileID: 0}
  m_NavMeshLayer: 0
  m_StaticEditorFlags: 0
  m_IsActive: 1
--- !u!4 &6628665439317964418
Transform:
  m_ObjectHideFlags: 0
  m_CorrespondingSourceObject: {fileID: 0}
  m_PrefabInstance: {fileID: 0}
  m_PrefabAsset: {fileID: 0}
  m_GameObject: {fileID: 764444654387059477}
  m_LocalRotation: {x: -0.3045966, y: 0.939696, z: -0.14843147, w: -0.04647999}
  m_LocalPosition: {x: 9.909454, y: 0.7875338, z: -8.371127}
  m_LocalScale: {x: 1, y: 1, z: 1}
  m_Children:
  - {fileID: 6451213215710650277}
  m_Father: {fileID: 460337590945644861}
  m_RootOrder: 1
  m_LocalEulerAnglesHint: {x: 0, y: 0, z: 0}
--- !u!1 &1086785570620035767
GameObject:
  m_ObjectHideFlags: 0
  m_CorrespondingSourceObject: {fileID: 0}
  m_PrefabInstance: {fileID: 0}
  m_PrefabAsset: {fileID: 0}
  serializedVersion: 6
  m_Component:
  - component: {fileID: 2339437058647252459}
  m_Layer: 0
  m_Name: GD56_Raul_AMS_A1:l_wrist
  m_TagString: Untagged
  m_Icon: {fileID: 0}
  m_NavMeshLayer: 0
  m_StaticEditorFlags: 0
  m_IsActive: 1
--- !u!4 &2339437058647252459
Transform:
  m_ObjectHideFlags: 0
  m_CorrespondingSourceObject: {fileID: 0}
  m_PrefabInstance: {fileID: 0}
  m_PrefabAsset: {fileID: 0}
  m_GameObject: {fileID: 1086785570620035767}
  m_LocalRotation: {x: -0.0052267886, y: 0.01218068, z: 0.0032943704, w: 0.9999068}
  m_LocalPosition: {x: -18.824537, y: -3.4612858, z: 10.567227}
  m_LocalScale: {x: 1, y: 1, z: 1}
  m_Children:
  - {fileID: 5065439778794635792}
  - {fileID: 7291857121622462420}
  - {fileID: 5480786576676082706}
  - {fileID: 7174092100497779595}
  - {fileID: 3053830230077820897}
  m_Father: {fileID: 6988030049092971274}
  m_RootOrder: 0
  m_LocalEulerAnglesHint: {x: 0, y: 0, z: 0}
--- !u!1 &1306187565715531771
GameObject:
  m_ObjectHideFlags: 0
  m_CorrespondingSourceObject: {fileID: 0}
  m_PrefabInstance: {fileID: 0}
  m_PrefabAsset: {fileID: 0}
  serializedVersion: 6
  m_Component:
  - component: {fileID: 818860119031006825}
  m_Layer: 0
  m_Name: joint9
  m_TagString: Untagged
  m_Icon: {fileID: 0}
  m_NavMeshLayer: 0
  m_StaticEditorFlags: 0
  m_IsActive: 1
--- !u!4 &818860119031006825
Transform:
  m_ObjectHideFlags: 0
  m_CorrespondingSourceObject: {fileID: 0}
  m_PrefabInstance: {fileID: 0}
  m_PrefabAsset: {fileID: 0}
  m_GameObject: {fileID: 1306187565715531771}
  m_LocalRotation: {x: 0.0071380245, y: 0.289772, z: -0.004592841, w: 0.9570581}
  m_LocalPosition: {x: -4.043099, y: -2.8858373, z: 0.8065224}
  m_LocalScale: {x: 1, y: 1, z: 1}
  m_Children:
  - {fileID: 4811156572334921133}
  m_Father: {fileID: 7174092100497779595}
  m_RootOrder: 0
  m_LocalEulerAnglesHint: {x: 0, y: 0, z: 0}
--- !u!1 &1330662707177434900
GameObject:
  m_ObjectHideFlags: 0
  m_CorrespondingSourceObject: {fileID: 0}
  m_PrefabInstance: {fileID: 0}
  m_PrefabAsset: {fileID: 0}
  serializedVersion: 6
  m_Component:
  - component: {fileID: 5065439778794635792}
  m_Layer: 0
  m_Name: GD56_Raul_AMS_A1:l_hand
  m_TagString: Untagged
  m_Icon: {fileID: 0}
  m_NavMeshLayer: 0
  m_StaticEditorFlags: 0
  m_IsActive: 1
--- !u!4 &5065439778794635792
Transform:
  m_ObjectHideFlags: 0
  m_CorrespondingSourceObject: {fileID: 0}
  m_PrefabInstance: {fileID: 0}
  m_PrefabAsset: {fileID: 0}
  m_GameObject: {fileID: 1330662707177434900}
  m_LocalRotation: {x: 0, y: 0.00626942, z: -0, w: 0.9999804}
  m_LocalPosition: {x: -2.0299456, y: -3.3145936, z: 5.9032316}
  m_LocalScale: {x: 1, y: 1, z: 1}
  m_Children:
  - {fileID: 4792054242791177751}
  m_Father: {fileID: 2339437058647252459}
  m_RootOrder: 0
  m_LocalEulerAnglesHint: {x: 0, y: 0, z: 0}
--- !u!1 &1484157890346976293
GameObject:
  m_ObjectHideFlags: 0
  m_CorrespondingSourceObject: {fileID: 0}
  m_PrefabInstance: {fileID: 0}
  m_PrefabAsset: {fileID: 0}
  serializedVersion: 6
  m_Component:
  - component: {fileID: 5896544368647318055}
  m_Layer: 0
  m_Name: joint14 1
  m_TagString: Untagged
  m_Icon: {fileID: 0}
  m_NavMeshLayer: 0
  m_StaticEditorFlags: 0
  m_IsActive: 1
--- !u!4 &5896544368647318055
Transform:
  m_ObjectHideFlags: 0
  m_CorrespondingSourceObject: {fileID: 0}
  m_PrefabInstance: {fileID: 0}
  m_PrefabAsset: {fileID: 0}
  m_GameObject: {fileID: 1484157890346976293}
  m_LocalRotation: {x: 0.0000000074501036, y: -0.011314717, z: 8.430112e-11, w: 0.999936}
  m_LocalPosition: {x: 3.6351144, y: 2.305, z: -0.07890302}
  m_LocalScale: {x: 1, y: 1, z: 1}
  m_Children: []
  m_Father: {fileID: 8034430230043119409}
  m_RootOrder: 0
  m_LocalEulerAnglesHint: {x: 0, y: 0, z: 0}
--- !u!1 &2076656034162513626
GameObject:
  m_ObjectHideFlags: 0
  m_CorrespondingSourceObject: {fileID: 0}
  m_PrefabInstance: {fileID: 0}
  m_PrefabAsset: {fileID: 0}
  serializedVersion: 6
  m_Component:
  - component: {fileID: 5451741640082992577}
  m_Layer: 0
  m_Name: joint7 1
  m_TagString: Untagged
  m_Icon: {fileID: 0}
  m_NavMeshLayer: 0
  m_StaticEditorFlags: 0
  m_IsActive: 1
--- !u!4 &5451741640082992577
Transform:
  m_ObjectHideFlags: 0
  m_CorrespondingSourceObject: {fileID: 0}
  m_PrefabInstance: {fileID: 0}
  m_PrefabAsset: {fileID: 0}
  m_GameObject: {fileID: 2076656034162513626}
  m_LocalRotation: {x: -1.237856e-32, y: -0.09209655, z: -7.1626445e-16, w: 0.99575007}
  m_LocalPosition: {x: 3.985618, y: 4.267, z: -0.00008937125}
  m_LocalScale: {x: 1, y: 1, z: 1}
  m_Children: []
  m_Father: {fileID: 3070685648069361026}
  m_RootOrder: 0
  m_LocalEulerAnglesHint: {x: 0, y: 0, z: 0}
--- !u!1 &2412531926821920105
GameObject:
  m_ObjectHideFlags: 0
  m_CorrespondingSourceObject: {fileID: 0}
  m_PrefabInstance: {fileID: 0}
  m_PrefabAsset: {fileID: 0}
  serializedVersion: 6
  m_Component:
  - component: {fileID: 6988030049092971274}
  m_Layer: 0
  m_Name: GD56_Raul_AMS_A1:l_elbow
  m_TagString: Untagged
  m_Icon: {fileID: 0}
  m_NavMeshLayer: 0
  m_StaticEditorFlags: 0
  m_IsActive: 1
--- !u!4 &6988030049092971274
Transform:
  m_ObjectHideFlags: 0
  m_CorrespondingSourceObject: {fileID: 0}
  m_PrefabInstance: {fileID: 0}
  m_PrefabAsset: {fileID: 0}
  m_GameObject: {fileID: 2412531926821920105}
  m_LocalRotation: {x: 0.0023954497, y: 0.000058085592, z: 0.0030230556, w: 0.9999926}
  m_LocalPosition: {x: -17.34379, y: -4.28625, z: 3.1684003}
  m_LocalScale: {x: 1, y: 1, z: 1}
  m_Children:
  - {fileID: 2339437058647252459}
  m_Father: {fileID: 72547757270512800}
  m_RootOrder: 0
  m_LocalEulerAnglesHint: {x: 0, y: 0, z: 0}
--- !u!1 &2933555935024396422
GameObject:
  m_ObjectHideFlags: 0
  m_CorrespondingSourceObject: {fileID: 0}
  m_PrefabInstance: {fileID: 0}
  m_PrefabAsset: {fileID: 0}
  serializedVersion: 6
  m_Component:
  - component: {fileID: 3450282094551731974}
  m_Layer: 0
  m_Name: GD56_Raul_AMS_A1:l_ball
  m_TagString: Untagged
  m_Icon: {fileID: 0}
  m_NavMeshLayer: 0
  m_StaticEditorFlags: 0
  m_IsActive: 1
--- !u!4 &3450282094551731974
Transform:
  m_ObjectHideFlags: 0
  m_CorrespondingSourceObject: {fileID: 0}
  m_PrefabInstance: {fileID: 0}
  m_PrefabAsset: {fileID: 0}
  m_GameObject: {fileID: 2933555935024396422}
  m_LocalRotation: {x: -0.68678737, y: 0.1682541, z: -0.16147622, w: 0.68843246}
  m_LocalPosition: {x: -11.13667, y: 2.167292, z: -2.0712144}
  m_LocalScale: {x: 1, y: 1, z: 1}
  m_Children:
  - {fileID: 640147301056610685}
  m_Father: {fileID: 7264279069238026255}
  m_RootOrder: 0
  m_LocalEulerAnglesHint: {x: 0, y: 0, z: 0}
--- !u!1 &2992523075765379423
GameObject:
  m_ObjectHideFlags: 0
  m_CorrespondingSourceObject: {fileID: 0}
  m_PrefabInstance: {fileID: 0}
  m_PrefabAsset: {fileID: 0}
  serializedVersion: 6
  m_Component:
  - component: {fileID: 7848660296373278455}
  - component: {fileID: 2561720679586061369}
  m_Layer: 0
  m_Name: Enemy:polySurface2
  m_TagString: Untagged
  m_Icon: {fileID: 0}
  m_NavMeshLayer: 0
  m_StaticEditorFlags: 0
  m_IsActive: 1
--- !u!4 &7848660296373278455
Transform:
  m_ObjectHideFlags: 0
  m_CorrespondingSourceObject: {fileID: 0}
  m_PrefabInstance: {fileID: 0}
  m_PrefabAsset: {fileID: 0}
  m_GameObject: {fileID: 2992523075765379423}
  m_LocalRotation: {x: 0, y: -0, z: -0, w: 1}
  m_LocalPosition: {x: -0, y: -76.45149, z: -0.617852}
  m_LocalScale: {x: 0.01, y: 0.01, z: 0.01}
  m_Children: []
  m_Father: {fileID: 5251410080740882854}
  m_RootOrder: 0
  m_LocalEulerAnglesHint: {x: 0, y: 0, z: 0}
--- !u!137 &2561720679586061369
SkinnedMeshRenderer:
  m_ObjectHideFlags: 0
  m_CorrespondingSourceObject: {fileID: 0}
  m_PrefabInstance: {fileID: 0}
  m_PrefabAsset: {fileID: 0}
  m_GameObject: {fileID: 2992523075765379423}
  m_Enabled: 1
  m_CastShadows: 1
  m_ReceiveShadows: 1
  m_DynamicOccludee: 1
  m_MotionVectors: 1
  m_LightProbeUsage: 1
  m_ReflectionProbeUsage: 1
  m_RenderingLayerMask: 1
  m_RendererPriority: 0
  m_Materials:
  - {fileID: 2100000, guid: a5410291d361d7946a44648f53a4f70b, type: 2}
  - {fileID: 2100000, guid: 6ceeb08d4cac84844b3b1a08e93fc67e, type: 2}
  m_StaticBatchInfo:
    firstSubMesh: 0
    subMeshCount: 0
  m_StaticBatchRoot: {fileID: 0}
  m_ProbeAnchor: {fileID: 0}
  m_LightProbeVolumeOverride: {fileID: 0}
  m_ScaleInLightmap: 1
  m_ReceiveGI: 1
  m_PreserveUVs: 0
  m_IgnoreNormalsForChartDetection: 0
  m_ImportantGI: 0
  m_StitchLightmapSeams: 1
  m_SelectedEditorRenderState: 3
  m_MinimumChartSize: 4
  m_AutoUVMaxDistance: 0.5
  m_AutoUVMaxAngle: 89
  m_LightmapParameters: {fileID: 0}
  m_SortingLayerID: 0
  m_SortingLayer: 0
  m_SortingOrder: 0
  serializedVersion: 2
  m_Quality: 0
  m_UpdateWhenOffscreen: 0
  m_SkinnedMotionVectors: 1
  m_Mesh: {fileID: 8998473820226702406, guid: affb116db0a42e3428041de4180d779c, type: 3}
  m_Bones:
  - {fileID: 460337590945644861}
  - {fileID: 3566672846432230348}
  - {fileID: 4037437950294178402}
  - {fileID: 3353620810617317860}
  - {fileID: 1964226985301964498}
  - {fileID: 4760967695148429656}
  - {fileID: 8137411639892901871}
  - {fileID: 72547757270512800}
  - {fileID: 6988030049092971274}
  - {fileID: 2339437058647252459}
  - {fileID: 5065439778794635792}
  - {fileID: 4792054242791177751}
  - {fileID: 7284335404419732659}
  - {fileID: 7291857121622462420}
  - {fileID: 4078425448949864996}
  - {fileID: 1761373951357389652}
  - {fileID: 5480786576676082706}
  - {fileID: 1338865892833325916}
  - {fileID: 3738642632528044628}
  - {fileID: 7174092100497779595}
  - {fileID: 818860119031006825}
  - {fileID: 4811156572334921133}
  - {fileID: 3053830230077820897}
  - {fileID: 7377903707640751659}
  - {fileID: 3000835916696839965}
  - {fileID: 1506665620389152957}
  - {fileID: 984008764014832422}
  - {fileID: 3715831752268612078}
  - {fileID: 3727078555156586522}
  - {fileID: 3635532395867200884}
  - {fileID: 8034430230043119409}
  - {fileID: 5896544368647318055}
  - {fileID: 1791681902825506120}
  - {fileID: 8076734017117024346}
  - {fileID: 391779004697823859}
  - {fileID: 4921797366928118639}
  - {fileID: 3070685648069361026}
  - {fileID: 5451741640082992577}
  - {fileID: 6394430210660347431}
  - {fileID: 7923872983074317304}
  - {fileID: 5067174789234729990}
  - {fileID: 494859309255523811}
  - {fileID: 7078146924121574037}
  - {fileID: 3733368328887334439}
  - {fileID: 6628665439317964418}
  - {fileID: 6451213215710650277}
  - {fileID: 7264279069238026255}
  - {fileID: 3450282094551731974}
  - {fileID: 640147301056610685}
  - {fileID: 2149977227470600044}
  - {fileID: 6397855955585789776}
  - {fileID: 122596857822856438}
  - {fileID: 8336932936626324680}
  - {fileID: 8093541128701631761}
  m_BlendShapeWeights: []
  m_RootBone: {fileID: 460337590945644861}
  m_AABB:
    m_Center: {x: 21.914711, y: -2.128891, z: 0.26153564}
    m_Extent: {x: 84.39965, y: 42.42613, z: 69.883835}
  m_DirtyAABB: 0
--- !u!1 &3034076178630391250
GameObject:
  m_ObjectHideFlags: 0
  m_CorrespondingSourceObject: {fileID: 0}
  m_PrefabInstance: {fileID: 0}
  m_PrefabAsset: {fileID: 0}
  serializedVersion: 6
  m_Component:
  - component: {fileID: 3070685648069361026}
  m_Layer: 0
  m_Name: joint6 1
  m_TagString: Untagged
  m_Icon: {fileID: 0}
  m_NavMeshLayer: 0
  m_StaticEditorFlags: 0
  m_IsActive: 1
--- !u!4 &3070685648069361026
Transform:
  m_ObjectHideFlags: 0
  m_CorrespondingSourceObject: {fileID: 0}
  m_PrefabInstance: {fileID: 0}
  m_PrefabAsset: {fileID: 0}
  m_GameObject: {fileID: 3034076178630391250}
  m_LocalRotation: {x: 0.0068419473, y: 0.23034388, z: -0.00502328, w: 0.9730723}
  m_LocalPosition: {x: 4.0525365, y: 3.1346564, z: -1.2358589}
  m_LocalScale: {x: 1, y: 1, z: 1}
  m_Children:
  - {fileID: 5451741640082992577}
  m_Father: {fileID: 4921797366928118639}
  m_RootOrder: 0
  m_LocalEulerAnglesHint: {x: 0, y: 0, z: 0}
--- !u!1 &3096018531397413545
GameObject:
  m_ObjectHideFlags: 0
  m_CorrespondingSourceObject: {fileID: 0}
  m_PrefabInstance: {fileID: 0}
  m_PrefabAsset: {fileID: 0}
  serializedVersion: 6
  m_Component:
  - component: {fileID: 7264279069238026255}
  m_Layer: 0
  m_Name: GD56_Raul_AMS_A1:l_ankle
  m_TagString: Untagged
  m_Icon: {fileID: 0}
  m_NavMeshLayer: 0
  m_StaticEditorFlags: 0
  m_IsActive: 1
--- !u!4 &7264279069238026255
Transform:
  m_ObjectHideFlags: 0
  m_CorrespondingSourceObject: {fileID: 0}
  m_PrefabInstance: {fileID: 0}
  m_PrefabAsset: {fileID: 0}
  m_GameObject: {fileID: 3096018531397413545}
  m_LocalRotation: {x: -0.16597106, y: -0.011235251, z: -0.17509642, w: 0.97039616}
  m_LocalPosition: {x: -40.40673, y: -17.640907, z: 2.1154678}
  m_LocalScale: {x: 1, y: 1, z: 1}
  m_Children:
  - {fileID: 3450282094551731974}
  m_Father: {fileID: 6451213215710650277}
  m_RootOrder: 0
  m_LocalEulerAnglesHint: {x: 0, y: 0, z: 0}
--- !u!1 &3120264872756135245
GameObject:
  m_ObjectHideFlags: 0
  m_CorrespondingSourceObject: {fileID: 0}
  m_PrefabInstance: {fileID: 0}
  m_PrefabAsset: {fileID: 0}
  serializedVersion: 6
  m_Component:
  - component: {fileID: 7923872983074317304}
  m_Layer: 0
  m_Name: joint9 1
  m_TagString: Untagged
  m_Icon: {fileID: 0}
  m_NavMeshLayer: 0
  m_StaticEditorFlags: 0
  m_IsActive: 1
--- !u!4 &7923872983074317304
Transform:
  m_ObjectHideFlags: 0
  m_CorrespondingSourceObject: {fileID: 0}
  m_PrefabInstance: {fileID: 0}
  m_PrefabAsset: {fileID: 0}
  m_GameObject: {fileID: 3120264872756135245}
  m_LocalRotation: {x: 0.0071380245, y: 0.289772, z: -0.004592841, w: 0.9570581}
  m_LocalPosition: {x: 4.0430455, y: 2.8860202, z: -0.80654234}
  m_LocalScale: {x: 1, y: 1, z: 1}
  m_Children:
  - {fileID: 5067174789234729990}
  m_Father: {fileID: 6394430210660347431}
  m_RootOrder: 0
  m_LocalEulerAnglesHint: {x: 0, y: 0, z: 0}
--- !u!1 &3139237958752662133
GameObject:
  m_ObjectHideFlags: 0
  m_CorrespondingSourceObject: {fileID: 0}
  m_PrefabInstance: {fileID: 0}
  m_PrefabAsset: {fileID: 0}
  serializedVersion: 6
  m_Component:
  - component: {fileID: 3727078555156586522}
  m_Layer: 0
  m_Name: GD56_Raul_AMS_A1:l_wrist 1
  m_TagString: Untagged
  m_Icon: {fileID: 0}
  m_NavMeshLayer: 0
  m_StaticEditorFlags: 0
  m_IsActive: 1
--- !u!4 &3727078555156586522
Transform:
  m_ObjectHideFlags: 0
  m_CorrespondingSourceObject: {fileID: 0}
  m_PrefabInstance: {fileID: 0}
  m_PrefabAsset: {fileID: 0}
  m_GameObject: {fileID: 3139237958752662133}
  m_LocalRotation: {x: -0.0052267886, y: 0.01218068, z: 0.0032943704, w: 0.9999068}
  m_LocalPosition: {x: 18.824516, y: 3.4614341, z: -10.567239}
  m_LocalScale: {x: 1, y: 1, z: 1}
  m_Children:
  - {fileID: 3635532395867200884}
  - {fileID: 1791681902825506120}
  - {fileID: 4921797366928118639}
  - {fileID: 6394430210660347431}
  - {fileID: 494859309255523811}
  m_Father: {fileID: 3715831752268612078}
  m_RootOrder: 0
  m_LocalEulerAnglesHint: {x: 0, y: 0, z: 0}
--- !u!1 &3510892678972580334
GameObject:
  m_ObjectHideFlags: 0
  m_CorrespondingSourceObject: {fileID: 0}
  m_PrefabInstance: {fileID: 0}
  m_PrefabAsset: {fileID: 0}
  serializedVersion: 6
  m_Component:
  - component: {fileID: 3000835916696839965}
  m_Layer: 0
  m_Name: joint13
  m_TagString: Untagged
  m_Icon: {fileID: 0}
  m_NavMeshLayer: 0
  m_StaticEditorFlags: 0
  m_IsActive: 1
--- !u!4 &3000835916696839965
Transform:
  m_ObjectHideFlags: 0
  m_CorrespondingSourceObject: {fileID: 0}
  m_PrefabInstance: {fileID: 0}
  m_PrefabAsset: {fileID: 0}
  m_GameObject: {fileID: 3510892678972580334}
  m_LocalRotation: {x: 1.232933e-32, y: -0.023402344, z: 6.719096e-15, w: 0.9997262}
  m_LocalPosition: {x: -2.4122322, y: -2.9514253, z: 0.1840893}
  m_LocalScale: {x: 1, y: 1, z: 1}
  m_Children: []
  m_Father: {fileID: 7377903707640751659}
  m_RootOrder: 0
  m_LocalEulerAnglesHint: {x: 0, y: 0, z: 0}
--- !u!1 &3512677035981412052
GameObject:
  m_ObjectHideFlags: 0
  m_CorrespondingSourceObject: {fileID: 0}
  m_PrefabInstance: {fileID: 0}
  m_PrefabAsset: {fileID: 0}
  serializedVersion: 6
  m_Component:
  - component: {fileID: 7284335404419732659}
  m_Layer: 0
  m_Name: joint14
  m_TagString: Untagged
  m_Icon: {fileID: 0}
  m_NavMeshLayer: 0
  m_StaticEditorFlags: 0
  m_IsActive: 1
--- !u!4 &7284335404419732659
Transform:
  m_ObjectHideFlags: 0
  m_CorrespondingSourceObject: {fileID: 0}
  m_PrefabInstance: {fileID: 0}
  m_PrefabAsset: {fileID: 0}
  m_GameObject: {fileID: 3512677035981412052}
  m_LocalRotation: {x: 0, y: -0.011314717, z: -0, w: 0.999936}
  m_LocalPosition: {x: -3.6350546, y: -2.3056154, z: 0.07892156}
  m_LocalScale: {x: 1, y: 1, z: 1}
  m_Children: []
  m_Father: {fileID: 4792054242791177751}
  m_RootOrder: 0
  m_LocalEulerAnglesHint: {x: 0, y: 0, z: 0}
--- !u!1 &3762570908340548268
GameObject:
  m_ObjectHideFlags: 0
  m_CorrespondingSourceObject: {fileID: 0}
  m_PrefabInstance: {fileID: 0}
  m_PrefabAsset: {fileID: 0}
  serializedVersion: 6
  m_Component:
  - component: {fileID: 3353620810617317860}
  m_Layer: 0
  m_Name: GD56_Raul_AMS_A1:neck
  m_TagString: Untagged
  m_Icon: {fileID: 0}
  m_NavMeshLayer: 0
  m_StaticEditorFlags: 0
  m_IsActive: 1
--- !u!4 &3353620810617317860
Transform:
  m_ObjectHideFlags: 0
  m_CorrespondingSourceObject: {fileID: 0}
  m_PrefabInstance: {fileID: 0}
  m_PrefabAsset: {fileID: 0}
  m_GameObject: {fileID: 3762570908340548268}
  m_LocalRotation: {x: 0.9943588, y: -0.106069155, z: 5.214748e-18, w: 6.213599e-17}
  m_LocalPosition: {x: -14.104647, y: 1.1950015, z: 9.304243e-16}
  m_LocalScale: {x: 1, y: 1, z: 1}
  m_Children:
  - {fileID: 1964226985301964498}
  m_Father: {fileID: 4037437950294178402}
  m_RootOrder: 2
  m_LocalEulerAnglesHint: {x: 0, y: 0, z: 0}
--- !u!1 &3855975648733826692
GameObject:
  m_ObjectHideFlags: 0
  m_CorrespondingSourceObject: {fileID: 0}
  m_PrefabInstance: {fileID: 0}
  m_PrefabAsset: {fileID: 0}
  serializedVersion: 6
  m_Component:
  - component: {fileID: 8034430230043119409}
  m_Layer: 0
  m_Name: joint1 1
  m_TagString: Untagged
  m_Icon: {fileID: 0}
  m_NavMeshLayer: 0
  m_StaticEditorFlags: 0
  m_IsActive: 1
--- !u!4 &8034430230043119409
Transform:
  m_ObjectHideFlags: 0
  m_CorrespondingSourceObject: {fileID: 0}
  m_PrefabInstance: {fileID: 0}
  m_PrefabAsset: {fileID: 0}
  m_GameObject: {fileID: 3855975648733826692}
  m_LocalRotation: {x: 0.0065095164, y: 0.15578048, z: -0.005447181, w: 0.98775524}
  m_LocalPosition: {x: 1.1547446, y: 2.3193092, z: -1.4103599}
  m_LocalScale: {x: 1, y: 1, z: 1}
  m_Children:
  - {fileID: 5896544368647318055}
  m_Father: {fileID: 3635532395867200884}
  m_RootOrder: 0
  m_LocalEulerAnglesHint: {x: 0, y: 0, z: 0}
--- !u!1 &3997928988699134881
GameObject:
  m_ObjectHideFlags: 0
  m_CorrespondingSourceObject: {fileID: 0}
  m_PrefabInstance: {fileID: 0}
  m_PrefabAsset: {fileID: 0}
  serializedVersion: 6
  m_Component:
  - component: {fileID: 3635532395867200884}
  m_Layer: 0
  m_Name: GD56_Raul_AMS_A1:l_hand 1
  m_TagString: Untagged
  m_Icon: {fileID: 0}
  m_NavMeshLayer: 0
  m_StaticEditorFlags: 0
  m_IsActive: 1
--- !u!4 &3635532395867200884
Transform:
  m_ObjectHideFlags: 0
  m_CorrespondingSourceObject: {fileID: 0}
  m_PrefabInstance: {fileID: 0}
  m_PrefabAsset: {fileID: 0}
  m_GameObject: {fileID: 3997928988699134881}
  m_LocalRotation: {x: -7.703872e-34, y: 0.00626942, z: 4.495462e-16, w: 0.9999804}
  m_LocalPosition: {x: 2.0299833, y: 3.3141773, z: -5.903273}
  m_LocalScale: {x: 1, y: 1, z: 1}
  m_Children:
  - {fileID: 8034430230043119409}
  m_Father: {fileID: 3727078555156586522}
  m_RootOrder: 0
  m_LocalEulerAnglesHint: {x: 0, y: 0, z: 0}
--- !u!1 &4009582680704140785
GameObject:
  m_ObjectHideFlags: 0
  m_CorrespondingSourceObject: {fileID: 0}
  m_PrefabInstance: {fileID: 0}
  m_PrefabAsset: {fileID: 0}
  serializedVersion: 6
  m_Component:
  - component: {fileID: 460337590945644861}
  m_Layer: 0
  m_Name: GD56_Raul_AMS_A1:waist
  m_TagString: Untagged
  m_Icon: {fileID: 0}
  m_NavMeshLayer: 0
  m_StaticEditorFlags: 0
  m_IsActive: 1
--- !u!4 &460337590945644861
Transform:
  m_ObjectHideFlags: 0
  m_CorrespondingSourceObject: {fileID: 0}
  m_PrefabInstance: {fileID: 0}
  m_PrefabAsset: {fileID: 0}
  m_GameObject: {fileID: 4009582680704140785}
  m_LocalRotation: {x: -0.45713133, y: 0.5394729, z: -0.45713133, w: 0.5394729}
  m_LocalPosition: {x: -0.0026153908, y: 0.974666, z: 0.022899263}
  m_LocalScale: {x: 0.01, y: 0.01, z: 0.01}
  m_Children:
  - {fileID: 3566672846432230348}
  - {fileID: 6628665439317964418}
  - {fileID: 2149977227470600044}
  m_Father: {fileID: 5251410080740882854}
  m_RootOrder: 1
  m_LocalEulerAnglesHint: {x: 0, y: 0, z: 0}
--- !u!1 &4295202406145953123
GameObject:
  m_ObjectHideFlags: 0
  m_CorrespondingSourceObject: {fileID: 0}
  m_PrefabInstance: {fileID: 0}
  m_PrefabAsset: {fileID: 0}
  serializedVersion: 6
  m_Component:
  - component: {fileID: 7377903707640751659}
  m_Layer: 0
  m_Name: joint12
  m_TagString: Untagged
  m_Icon: {fileID: 0}
  m_NavMeshLayer: 0
  m_StaticEditorFlags: 0
  m_IsActive: 1
--- !u!4 &7377903707640751659
Transform:
  m_ObjectHideFlags: 0
  m_CorrespondingSourceObject: {fileID: 0}
  m_PrefabInstance: {fileID: 0}
  m_PrefabAsset: {fileID: 0}
  m_GameObject: {fileID: 4295202406145953123}
  m_LocalRotation: {x: 0.006940986, y: 0.24974763, z: -0.0048855203, w: 0.96827376}
  m_LocalPosition: {x: -3.1110976, y: -1.5631262, z: 0.5489296}
  m_LocalScale: {x: 1, y: 1, z: 1}
  m_Children:
  - {fileID: 3000835916696839965}
  m_Father: {fileID: 3053830230077820897}
  m_RootOrder: 0
  m_LocalEulerAnglesHint: {x: 0, y: 0, z: 0}
--- !u!1 &4346804025451180692
GameObject:
  m_ObjectHideFlags: 0
  m_CorrespondingSourceObject: {fileID: 0}
  m_PrefabInstance: {fileID: 0}
  m_PrefabAsset: {fileID: 0}
  serializedVersion: 6
  m_Component:
  - component: {fileID: 6394430210660347431}
  m_Layer: 0
  m_Name: joint8 1
  m_TagString: Untagged
  m_Icon: {fileID: 0}
  m_NavMeshLayer: 0
  m_StaticEditorFlags: 0
  m_IsActive: 1
--- !u!4 &6394430210660347431
Transform:
  m_ObjectHideFlags: 0
  m_CorrespondingSourceObject: {fileID: 0}
  m_PrefabInstance: {fileID: 0}
  m_PrefabAsset: {fileID: 0}
  m_GameObject: {fileID: 4346804025451180692}
  m_LocalRotation: {x: 0, y: -0, z: -0, w: 1}
  m_LocalPosition: {x: 10.4271755, y: 0.2576114, z: -1.1250656}
  m_LocalScale: {x: 1, y: 1, z: 1}
  m_Children:
  - {fileID: 7923872983074317304}
  m_Father: {fileID: 3727078555156586522}
  m_RootOrder: 3
  m_LocalEulerAnglesHint: {x: 0, y: 0, z: 0}
--- !u!1 &4391072003303402691
GameObject:
  m_ObjectHideFlags: 0
  m_CorrespondingSourceObject: {fileID: 0}
  m_PrefabInstance: {fileID: 0}
  m_PrefabAsset: {fileID: 0}
  serializedVersion: 6
  m_Component:
  - component: {fileID: 6397855955585789776}
  m_Layer: 0
  m_Name: GD56_Raul_AMS_A1:l_knees 1
  m_TagString: Untagged
  m_Icon: {fileID: 0}
  m_NavMeshLayer: 0
  m_StaticEditorFlags: 0
  m_IsActive: 1
--- !u!4 &6397855955585789776
Transform:
  m_ObjectHideFlags: 0
  m_CorrespondingSourceObject: {fileID: 0}
  m_PrefabInstance: {fileID: 0}
  m_PrefabAsset: {fileID: 0}
  m_GameObject: {fileID: 4391072003303402691}
  m_LocalRotation: {x: 0.87376887, y: 0.4786172, z: -0.07552327, w: 0.041830856}
  m_LocalPosition: {x: 26.135191, y: 25.087399, z: -7.7798305}
  m_LocalScale: {x: 1, y: 1, z: 1}
  m_Children:
  - {fileID: 122596857822856438}
  m_Father: {fileID: 2149977227470600044}
  m_RootOrder: 0
  m_LocalEulerAnglesHint: {x: 0, y: 0, z: 0}
--- !u!1 &4741885045064944151
GameObject:
  m_ObjectHideFlags: 0
  m_CorrespondingSourceObject: {fileID: 0}
  m_PrefabInstance: {fileID: 0}
  m_PrefabAsset: {fileID: 0}
  serializedVersion: 6
  m_Component:
  - component: {fileID: 3053830230077820897}
  m_Layer: 0
  m_Name: joint11
  m_TagString: Untagged
  m_Icon: {fileID: 0}
  m_NavMeshLayer: 0
  m_StaticEditorFlags: 0
  m_IsActive: 1
--- !u!4 &3053830230077820897
Transform:
  m_ObjectHideFlags: 0
  m_CorrespondingSourceObject: {fileID: 0}
  m_PrefabInstance: {fileID: 0}
  m_PrefabAsset: {fileID: 0}
  m_GameObject: {fileID: 4741885045064944151}
  m_LocalRotation: {x: 0, y: -0, z: -0, w: 1}
  m_LocalPosition: {x: -10.007834, y: -1.4782817, z: -1.3977686}
  m_LocalScale: {x: 1, y: 1, z: 1}
  m_Children:
  - {fileID: 7377903707640751659}
  m_Father: {fileID: 2339437058647252459}
  m_RootOrder: 4
  m_LocalEulerAnglesHint: {x: 0, y: 0, z: 0}
--- !u!1 &5308214423173693912
GameObject:
  m_ObjectHideFlags: 0
  m_CorrespondingSourceObject: {fileID: 0}
  m_PrefabInstance: {fileID: 0}
  m_PrefabAsset: {fileID: 0}
  serializedVersion: 6
  m_Component:
  - component: {fileID: 3715831752268612078}
  m_Layer: 0
  m_Name: GD56_Raul_AMS_A1:l_elbow 1
  m_TagString: Untagged
  m_Icon: {fileID: 0}
  m_NavMeshLayer: 0
  m_StaticEditorFlags: 0
  m_IsActive: 1
--- !u!4 &3715831752268612078
Transform:
  m_ObjectHideFlags: 0
  m_CorrespondingSourceObject: {fileID: 0}
  m_PrefabInstance: {fileID: 0}
  m_PrefabAsset: {fileID: 0}
  m_GameObject: {fileID: 5308214423173693912}
  m_LocalRotation: {x: 0.0023954497, y: 0.000058085592, z: 0.0030230556, w: 0.9999926}
  m_LocalPosition: {x: 17.34377, y: 4.28574, z: -3.168398}
  m_LocalScale: {x: 1, y: 1, z: 1}
  m_Children:
  - {fileID: 3727078555156586522}
  m_Father: {fileID: 984008764014832422}
  m_RootOrder: 0
  m_LocalEulerAnglesHint: {x: 0, y: 0, z: 0}
--- !u!1 &5383814221687661861
GameObject:
  m_ObjectHideFlags: 0
  m_CorrespondingSourceObject: {fileID: 0}
  m_PrefabInstance: {fileID: 0}
  m_PrefabAsset: {fileID: 0}
  serializedVersion: 6
  m_Component:
  - component: {fileID: 7078146924121574037}
  m_Layer: 0
  m_Name: joint12 1
  m_TagString: Untagged
  m_Icon: {fileID: 0}
  m_NavMeshLayer: 0
  m_StaticEditorFlags: 0
  m_IsActive: 1
--- !u!4 &7078146924121574037
Transform:
  m_ObjectHideFlags: 0
  m_CorrespondingSourceObject: {fileID: 0}
  m_PrefabInstance: {fileID: 0}
  m_PrefabAsset: {fileID: 0}
  m_GameObject: {fileID: 5383814221687661861}
  m_LocalRotation: {x: 0.006940986, y: 0.24974763, z: -0.0048855203, w: 0.96827376}
  m_LocalPosition: {x: 3.111121, y: 1.5630435, z: -0.54892945}
  m_LocalScale: {x: 1, y: 1, z: 1}
  m_Children:
  - {fileID: 3733368328887334439}
  m_Father: {fileID: 494859309255523811}
  m_RootOrder: 0
  m_LocalEulerAnglesHint: {x: 0, y: 0, z: 0}
--- !u!1 &5415017653035470120
GameObject:
  m_ObjectHideFlags: 0
  m_CorrespondingSourceObject: {fileID: 0}
  m_PrefabInstance: {fileID: 0}
  m_PrefabAsset: {fileID: 0}
  serializedVersion: 6
  m_Component:
  - component: {fileID: 4921797366928118639}
  m_Layer: 0
  m_Name: joint5 1
  m_TagString: Untagged
  m_Icon: {fileID: 0}
  m_NavMeshLayer: 0
  m_StaticEditorFlags: 0
  m_IsActive: 1
--- !u!4 &4921797366928118639
Transform:
  m_ObjectHideFlags: 0
  m_CorrespondingSourceObject: {fileID: 0}
  m_PrefabInstance: {fileID: 0}
  m_PrefabAsset: {fileID: 0}
  m_GameObject: {fileID: 5415017653035470120}
  m_LocalRotation: {x: 0, y: -0, z: -0, w: 1}
  m_LocalPosition: {x: 9.219735, y: -0.08407223, z: -3.1935356}
  m_LocalScale: {x: 1, y: 1, z: 1}
  m_Children:
  - {fileID: 3070685648069361026}
  m_Father: {fileID: 3727078555156586522}
  m_RootOrder: 2
  m_LocalEulerAnglesHint: {x: 0, y: 0, z: 0}
--- !u!1 &5553091265328589644
GameObject:
  m_ObjectHideFlags: 0
  m_CorrespondingSourceObject: {fileID: 0}
  m_PrefabInstance: {fileID: 0}
  m_PrefabAsset: {fileID: 0}
  serializedVersion: 6
  m_Component:
  - component: {fileID: 984008764014832422}
  m_Layer: 0
  m_Name: GD56_Raul_AMS_A1:l_shoulder 1
  m_TagString: Untagged
  m_Icon: {fileID: 0}
  m_NavMeshLayer: 0
  m_StaticEditorFlags: 0
  m_IsActive: 1
--- !u!4 &984008764014832422
Transform:
  m_ObjectHideFlags: 0
  m_CorrespondingSourceObject: {fileID: 0}
  m_PrefabInstance: {fileID: 0}
  m_PrefabAsset: {fileID: 0}
  m_GameObject: {fileID: 5553091265328589644}
  m_LocalRotation: {x: -0.0008322281, y: -0.032919228, z: 0.052517615, w: 0.9980769}
  m_LocalPosition: {x: 7.789824, y: 5.244291, z: -2.194444}
  m_LocalScale: {x: 1, y: 1, z: 1}
  m_Children:
  - {fileID: 3715831752268612078}
  m_Father: {fileID: 1506665620389152957}
  m_RootOrder: 0
  m_LocalEulerAnglesHint: {x: 0, y: 0, z: 0}
--- !u!1 &5564144874250872539
GameObject:
  m_ObjectHideFlags: 0
  m_CorrespondingSourceObject: {fileID: 0}
  m_PrefabInstance: {fileID: 0}
  m_PrefabAsset: {fileID: 0}
  serializedVersion: 6
  m_Component:
  - component: {fileID: 7174092100497779595}
  m_Layer: 0
  m_Name: joint8
  m_TagString: Untagged
  m_Icon: {fileID: 0}
  m_NavMeshLayer: 0
  m_StaticEditorFlags: 0
  m_IsActive: 1
--- !u!4 &7174092100497779595
Transform:
  m_ObjectHideFlags: 0
  m_CorrespondingSourceObject: {fileID: 0}
  m_PrefabInstance: {fileID: 0}
  m_PrefabAsset: {fileID: 0}
  m_GameObject: {fileID: 5564144874250872539}
  m_LocalRotation: {x: 0, y: -0, z: -0, w: 1}
  m_LocalPosition: {x: -10.427119, y: -0.2577029, z: 1.1251131}
  m_LocalScale: {x: 1, y: 1, z: 1}
  m_Children:
  - {fileID: 818860119031006825}
  m_Father: {fileID: 2339437058647252459}
  m_RootOrder: 3
  m_LocalEulerAnglesHint: {x: 0, y: 0, z: 0}
--- !u!1 &5603092941059783589
GameObject:
  m_ObjectHideFlags: 0
  m_CorrespondingSourceObject: {fileID: 0}
  m_PrefabInstance: {fileID: 0}
  m_PrefabAsset: {fileID: 0}
  serializedVersion: 6
  m_Component:
  - component: {fileID: 2149977227470600044}
  m_Layer: 0
  m_Name: GD56_Raul_AMS_A1:l_hip1
  m_TagString: Untagged
  m_Icon: {fileID: 0}
  m_NavMeshLayer: 0
  m_StaticEditorFlags: 0
  m_IsActive: 1
--- !u!4 &2149977227470600044
Transform:
  m_ObjectHideFlags: 0
  m_CorrespondingSourceObject: {fileID: 0}
  m_PrefabInstance: {fileID: 0}
  m_PrefabAsset: {fileID: 0}
  m_GameObject: {fileID: 5603092941059783589}
  m_LocalRotation: {x: 0.939696, y: 0.3045966, z: 0.04647999, w: -0.14843147}
  m_LocalPosition: {x: 9.909426, y: 0.7875384, z: 8.371129}
  m_LocalScale: {x: 1, y: 1, z: 1}
  m_Children:
  - {fileID: 6397855955585789776}
  m_Father: {fileID: 460337590945644861}
  m_RootOrder: 2
  m_LocalEulerAnglesHint: {x: 0, y: 0, z: 0}
--- !u!1 &5668197162533261741
GameObject:
  m_ObjectHideFlags: 0
  m_CorrespondingSourceObject: {fileID: 0}
  m_PrefabInstance: {fileID: 0}
  m_PrefabAsset: {fileID: 0}
  serializedVersion: 6
  m_Component:
  - component: {fileID: 122596857822856438}
  m_Layer: 0
  m_Name: GD56_Raul_AMS_A1:l_ankle 1
  m_TagString: Untagged
  m_Icon: {fileID: 0}
  m_NavMeshLayer: 0
  m_StaticEditorFlags: 0
  m_IsActive: 1
--- !u!4 &122596857822856438
Transform:
  m_ObjectHideFlags: 0
  m_CorrespondingSourceObject: {fileID: 0}
  m_PrefabInstance: {fileID: 0}
  m_PrefabAsset: {fileID: 0}
  m_GameObject: {fileID: 5668197162533261741}
  m_LocalRotation: {x: -0.16597106, y: -0.011235251, z: -0.17509642, w: 0.97039616}
  m_LocalPosition: {x: 40.406734, y: 17.640903, z: -2.1155033}
  m_LocalScale: {x: 1, y: 1, z: 1}
  m_Children:
  - {fileID: 8336932936626324680}
  m_Father: {fileID: 6397855955585789776}
  m_RootOrder: 0
  m_LocalEulerAnglesHint: {x: 0, y: 0, z: 0}
--- !u!1 &6161171902171228090
GameObject:
  m_ObjectHideFlags: 0
  m_CorrespondingSourceObject: {fileID: 0}
  m_PrefabInstance: {fileID: 0}
  m_PrefabAsset: {fileID: 0}
  serializedVersion: 6
  m_Component:
  - component: {fileID: 640147301056610685}
  m_Layer: 0
  m_Name: GD56_Raul_AMS_A1:l_toe
  m_TagString: Untagged
  m_Icon: {fileID: 0}
  m_NavMeshLayer: 0
  m_StaticEditorFlags: 0
  m_IsActive: 1
--- !u!4 &640147301056610685
Transform:
  m_ObjectHideFlags: 0
  m_CorrespondingSourceObject: {fileID: 0}
  m_PrefabInstance: {fileID: 0}
  m_PrefabAsset: {fileID: 0}
  m_GameObject: {fileID: 6161171902171228090}
  m_LocalRotation: {x: 0, y: 0, z: 0.0002571794, w: 1}
  m_LocalPosition: {x: -12.712713, y: 0.92816204, z: 7.020477}
  m_LocalScale: {x: 1, y: 1, z: 1}
  m_Children: []
  m_Father: {fileID: 3450282094551731974}
  m_RootOrder: 0
  m_LocalEulerAnglesHint: {x: 0, y: 0, z: 0}
--- !u!1 &6209935987145336172
GameObject:
  m_ObjectHideFlags: 0
  m_CorrespondingSourceObject: {fileID: 0}
  m_PrefabInstance: {fileID: 0}
  m_PrefabAsset: {fileID: 0}
  serializedVersion: 6
  m_Component:
  - component: {fileID: 3566672846432230348}
  m_Layer: 0
  m_Name: GD56_Raul_AMS_A1:back_lower
  m_TagString: Untagged
  m_Icon: {fileID: 0}
  m_NavMeshLayer: 0
  m_StaticEditorFlags: 0
  m_IsActive: 1
--- !u!4 &3566672846432230348
Transform:
  m_ObjectHideFlags: 0
  m_CorrespondingSourceObject: {fileID: 0}
  m_PrefabInstance: {fileID: 0}
  m_PrefabAsset: {fileID: 0}
  m_GameObject: {fileID: 6209935987145336172}
  m_LocalRotation: {x: 0.9824961, y: -0.18628351, z: 1.1406575e-17, w: -6.0160535e-17}
  m_LocalPosition: {x: -9.403526, y: -0.2738574, z: -3.8219355e-15}
  m_LocalScale: {x: 1, y: 1, z: 1}
  m_Children:
  - {fileID: 4037437950294178402}
  m_Father: {fileID: 460337590945644861}
  m_RootOrder: 0
  m_LocalEulerAnglesHint: {x: 0, y: 0, z: 0}
--- !u!1 &6326759643221915741
GameObject:
  m_ObjectHideFlags: 0
  m_CorrespondingSourceObject: {fileID: 0}
  m_PrefabInstance: {fileID: 0}
  m_PrefabAsset: {fileID: 0}
  serializedVersion: 6
  m_Component:
  - component: {fileID: 8336932936626324680}
  m_Layer: 0
  m_Name: GD56_Raul_AMS_A1:l_ball 1
  m_TagString: Untagged
  m_Icon: {fileID: 0}
  m_NavMeshLayer: 0
  m_StaticEditorFlags: 0
  m_IsActive: 1
--- !u!4 &8336932936626324680
Transform:
  m_ObjectHideFlags: 0
  m_CorrespondingSourceObject: {fileID: 0}
  m_PrefabInstance: {fileID: 0}
  m_PrefabAsset: {fileID: 0}
  m_GameObject: {fileID: 6326759643221915741}
  m_LocalRotation: {x: -0.68678737, y: 0.1682541, z: -0.16147622, w: 0.68843246}
  m_LocalPosition: {x: 11.136667, y: -2.16729, z: 2.0711906}
  m_LocalScale: {x: 1, y: 1, z: 1}
  m_Children:
  - {fileID: 8093541128701631761}
  m_Father: {fileID: 122596857822856438}
  m_RootOrder: 0
  m_LocalEulerAnglesHint: {x: 0, y: 0, z: 0}
--- !u!1 &6471606026496659190
GameObject:
  m_ObjectHideFlags: 0
  m_CorrespondingSourceObject: {fileID: 0}
  m_PrefabInstance: {fileID: 0}
  m_PrefabAsset: {fileID: 0}
  serializedVersion: 6
  m_Component:
  - component: {fileID: 8093541128701631761}
  m_Layer: 0
  m_Name: GD56_Raul_AMS_A1:l_toe 1
  m_TagString: Untagged
  m_Icon: {fileID: 0}
  m_NavMeshLayer: 0
  m_StaticEditorFlags: 0
  m_IsActive: 1
--- !u!4 &8093541128701631761
Transform:
  m_ObjectHideFlags: 0
  m_CorrespondingSourceObject: {fileID: 0}
  m_PrefabInstance: {fileID: 0}
  m_PrefabAsset: {fileID: 0}
  m_GameObject: {fileID: 6471606026496659190}
  m_LocalRotation: {x: 0, y: 0, z: 0.0002571794, w: 1}
  m_LocalPosition: {x: 12.71276, y: -0.9281748, z: -7.0205026}
  m_LocalScale: {x: 1, y: 1, z: 1}
  m_Children: []
  m_Father: {fileID: 8336932936626324680}
  m_RootOrder: 0
  m_LocalEulerAnglesHint: {x: 0, y: 0, z: 0}
--- !u!1 &6537015528135622830
GameObject:
  m_ObjectHideFlags: 0
  m_CorrespondingSourceObject: {fileID: 0}
  m_PrefabInstance: {fileID: 0}
  m_PrefabAsset: {fileID: 0}
  serializedVersion: 6
  m_Component:
  - component: {fileID: 4078425448949864996}
  m_Layer: 0
  m_Name: joint3
  m_TagString: Untagged
  m_Icon: {fileID: 0}
  m_NavMeshLayer: 0
  m_StaticEditorFlags: 0
  m_IsActive: 1
--- !u!4 &4078425448949864996
Transform:
  m_ObjectHideFlags: 0
  m_CorrespondingSourceObject: {fileID: 0}
  m_PrefabInstance: {fileID: 0}
  m_PrefabAsset: {fileID: 0}
  m_GameObject: {fileID: 6537015528135622830}
  m_LocalRotation: {x: 0.0066577033, y: 0.19535567, z: -0.005265033, w: 0.9806957}
  m_LocalPosition: {x: -3.6374593, y: -2.9053843, z: 1.7205777}
  m_LocalScale: {x: 1, y: 1, z: 1}
  m_Children:
  - {fileID: 1761373951357389652}
  m_Father: {fileID: 7291857121622462420}
  m_RootOrder: 0
  m_LocalEulerAnglesHint: {x: 0, y: 0, z: 0}
--- !u!1 &6790715953378380621
GameObject:
  m_ObjectHideFlags: 0
  m_CorrespondingSourceObject: {fileID: 0}
  m_PrefabInstance: {fileID: 0}
  m_PrefabAsset: {fileID: 0}
  serializedVersion: 6
  m_Component:
  - component: {fileID: 391779004697823859}
  m_Layer: 0
  m_Name: joint4 1
  m_TagString: Untagged
  m_Icon: {fileID: 0}
  m_NavMeshLayer: 0
  m_StaticEditorFlags: 0
  m_IsActive: 1
--- !u!4 &391779004697823859
Transform:
  m_ObjectHideFlags: 0
  m_CorrespondingSourceObject: {fileID: 0}
  m_PrefabInstance: {fileID: 0}
  m_PrefabAsset: {fileID: 0}
  m_GameObject: {fileID: 6790715953378380621}
  m_LocalRotation: {x: 9.403956e-38, y: -0.00058788917, z: 2.210216e-18, w: 0.9999998}
  m_LocalPosition: {x: 3.7188678, y: 3.759, z: 0.000032566095}
  m_LocalScale: {x: 1, y: 1, z: 1}
  m_Children: []
  m_Father: {fileID: 8076734017117024346}
  m_RootOrder: 0
  m_LocalEulerAnglesHint: {x: 0, y: 0, z: 0}
--- !u!1 &7238656378966563486
GameObject:
  m_ObjectHideFlags: 0
  m_CorrespondingSourceObject: {fileID: 0}
  m_PrefabInstance: {fileID: 0}
  m_PrefabAsset: {fileID: 0}
  serializedVersion: 6
  m_Component:
  - component: {fileID: 72547757270512800}
  m_Layer: 0
  m_Name: GD56_Raul_AMS_A1:l_shoulder
  m_TagString: Untagged
  m_Icon: {fileID: 0}
  m_NavMeshLayer: 0
  m_StaticEditorFlags: 0
  m_IsActive: 1
--- !u!4 &72547757270512800
Transform:
  m_ObjectHideFlags: 0
  m_CorrespondingSourceObject: {fileID: 0}
  m_PrefabInstance: {fileID: 0}
  m_PrefabAsset: {fileID: 0}
  m_GameObject: {fileID: 7238656378966563486}
  m_LocalRotation: {x: -0.0008322281, y: -0.032919228, z: 0.052517615, w: 0.9980769}
  m_LocalPosition: {x: -7.7898235, y: -5.244143, z: 2.1944435}
  m_LocalScale: {x: 1, y: 1, z: 1}
  m_Children:
  - {fileID: 6988030049092971274}
  m_Father: {fileID: 8137411639892901871}
  m_RootOrder: 0
  m_LocalEulerAnglesHint: {x: 0, y: 0, z: 0}
--- !u!1 &7541115139784249939
GameObject:
  m_ObjectHideFlags: 0
  m_CorrespondingSourceObject: {fileID: 0}
  m_PrefabInstance: {fileID: 0}
  m_PrefabAsset: {fileID: 0}
  serializedVersion: 6
  m_Component:
  - component: {fileID: 4760967695148429656}
  m_Layer: 0
  m_Name: GD56_Raul_AMS_A1:head_nubbin
  m_TagString: Untagged
  m_Icon: {fileID: 0}
  m_NavMeshLayer: 0
  m_StaticEditorFlags: 0
  m_IsActive: 1
--- !u!4 &4760967695148429656
Transform:
  m_ObjectHideFlags: 0
  m_CorrespondingSourceObject: {fileID: 0}
  m_PrefabInstance: {fileID: 0}
  m_PrefabAsset: {fileID: 0}
  m_GameObject: {fileID: 7541115139784249939}
  m_LocalRotation: {x: 0, y: 0, z: 0.10261875, w: 0.99472076}
  m_LocalPosition: {x: -18.5702, y: 2.172701, z: -1.474258e-14}
  m_LocalScale: {x: 1, y: 1, z: 1}
  m_Children: []
  m_Father: {fileID: 1964226985301964498}
  m_RootOrder: 0
  m_LocalEulerAnglesHint: {x: 0, y: 0, z: 0}
--- !u!1 &7582297439333347321
GameObject:
  m_ObjectHideFlags: 0
  m_CorrespondingSourceObject: {fileID: 0}
  m_PrefabInstance: {fileID: 0}
  m_PrefabAsset: {fileID: 0}
  serializedVersion: 6
  m_Component:
  - component: {fileID: 3738642632528044628}
  m_Layer: 0
  m_Name: joint7
  m_TagString: Untagged
  m_Icon: {fileID: 0}
  m_NavMeshLayer: 0
  m_StaticEditorFlags: 0
  m_IsActive: 1
--- !u!4 &3738642632528044628
Transform:
  m_ObjectHideFlags: 0
  m_CorrespondingSourceObject: {fileID: 0}
  m_PrefabInstance: {fileID: 0}
  m_PrefabAsset: {fileID: 0}
  m_GameObject: {fileID: 7582297439333347321}
  m_LocalRotation: {x: 9.902848e-32, y: -0.09209655, z: -3.4887904e-15, w: 0.99575007}
  m_LocalPosition: {x: -3.9856315, y: -4.2669477, z: -2.6226747e-14}
  m_LocalScale: {x: 1, y: 1, z: 1}
  m_Children: []
  m_Father: {fileID: 1338865892833325916}
  m_RootOrder: 0
  m_LocalEulerAnglesHint: {x: 0, y: 0, z: 0}
--- !u!1 &7714546040297873555
GameObject:
  m_ObjectHideFlags: 0
  m_CorrespondingSourceObject: {fileID: 0}
  m_PrefabInstance: {fileID: 0}
  m_PrefabAsset: {fileID: 0}
  serializedVersion: 6
  m_Component:
  - component: {fileID: 7291857121622462420}
  m_Layer: 0
  m_Name: joint2
  m_TagString: Untagged
  m_Icon: {fileID: 0}
  m_NavMeshLayer: 0
  m_StaticEditorFlags: 0
  m_IsActive: 1
--- !u!4 &7291857121622462420
Transform:
  m_ObjectHideFlags: 0
  m_CorrespondingSourceObject: {fileID: 0}
  m_PrefabInstance: {fileID: 0}
  m_PrefabAsset: {fileID: 0}
  m_GameObject: {fileID: 7714546040297873555}
  m_LocalRotation: {x: 0, y: -0, z: -0, w: 1}
  m_LocalPosition: {x: -8.371309, y: 0.0464237, z: 5.6182265}
  m_LocalScale: {x: 1, y: 1, z: 1}
  m_Children:
  - {fileID: 4078425448949864996}
  m_Father: {fileID: 2339437058647252459}
  m_RootOrder: 1
  m_LocalEulerAnglesHint: {x: 0, y: 0, z: 0}
--- !u!1 &7788896648725294055
GameObject:
  m_ObjectHideFlags: 0
  m_CorrespondingSourceObject: {fileID: 0}
  m_PrefabInstance: {fileID: 0}
  m_PrefabAsset: {fileID: 0}
  serializedVersion: 6
  m_Component:
  - component: {fileID: 1761373951357389652}
  m_Layer: 0
  m_Name: joint4
  m_TagString: Untagged
  m_Icon: {fileID: 0}
  m_NavMeshLayer: 0
  m_StaticEditorFlags: 0
  m_IsActive: 1
--- !u!4 &1761373951357389652
Transform:
  m_ObjectHideFlags: 0
  m_CorrespondingSourceObject: {fileID: 0}
  m_PrefabInstance: {fileID: 0}
  m_PrefabAsset: {fileID: 0}
  m_GameObject: {fileID: 7788896648725294055}
  m_LocalRotation: {x: -3.7615824e-37, y: -0.00058788917, z: -4.782599e-18, w: 0.9999998}
  m_LocalPosition: {x: -3.7188463, y: -3.759379, z: 2.4699067e-14}
  m_LocalScale: {x: 1, y: 1, z: 1}
  m_Children: []
  m_Father: {fileID: 4078425448949864996}
  m_RootOrder: 0
  m_LocalEulerAnglesHint: {x: 0, y: 0, z: 0}
--- !u!1 &8202750458016425220
GameObject:
  m_ObjectHideFlags: 0
  m_CorrespondingSourceObject: {fileID: 0}
  m_PrefabInstance: {fileID: 0}
  m_PrefabAsset: {fileID: 0}
  serializedVersion: 6
  m_Component:
  - component: {fileID: 8076734017117024346}
  m_Layer: 0
  m_Name: joint3 1
  m_TagString: Untagged
  m_Icon: {fileID: 0}
  m_NavMeshLayer: 0
  m_StaticEditorFlags: 0
  m_IsActive: 1
--- !u!4 &8076734017117024346
Transform:
  m_ObjectHideFlags: 0
  m_CorrespondingSourceObject: {fileID: 0}
  m_PrefabInstance: {fileID: 0}
  m_PrefabAsset: {fileID: 0}
  m_GameObject: {fileID: 8202750458016425220}
  m_LocalRotation: {x: 0.0066577033, y: 0.19535567, z: -0.005265033, w: 0.9806957}
  m_LocalPosition: {x: 3.6373897, y: 2.9053228, z: -1.7205716}
  m_LocalScale: {x: 1, y: 1, z: 1}
  m_Children:
  - {fileID: 391779004697823859}
  m_Father: {fileID: 1791681902825506120}
  m_RootOrder: 0
  m_LocalEulerAnglesHint: {x: 0, y: 0, z: 0}
--- !u!1 &8309777938367628291
GameObject:
  m_ObjectHideFlags: 0
  m_CorrespondingSourceObject: {fileID: 0}
  m_PrefabInstance: {fileID: 0}
  m_PrefabAsset: {fileID: 0}
  serializedVersion: 6
  m_Component:
  - component: {fileID: 4811156572334921133}
  m_Layer: 0
  m_Name: joint10
  m_TagString: Untagged
  m_Icon: {fileID: 0}
  m_NavMeshLayer: 0
  m_StaticEditorFlags: 0
  m_IsActive: 1
--- !u!4 &4811156572334921133
Transform:
  m_ObjectHideFlags: 0
  m_CorrespondingSourceObject: {fileID: 0}
  m_PrefabInstance: {fileID: 0}
  m_PrefabAsset: {fileID: 0}
  m_GameObject: {fileID: 8309777938367628291}
  m_LocalRotation: {x: 2.468522e-32, y: -0.05193835, z: -5.4628805e-15, w: 0.9986503}
  m_LocalPosition: {x: -2.7172565, y: -3.5089853, z: -4.784193e-14}
  m_LocalScale: {x: 1, y: 1, z: 1}
  m_Children: []
  m_Father: {fileID: 818860119031006825}
  m_RootOrder: 0
  m_LocalEulerAnglesHint: {x: 0, y: 0, z: 0}
--- !u!1 &8335150348253020201
GameObject:
  m_ObjectHideFlags: 0
  m_CorrespondingSourceObject: {fileID: 0}
  m_PrefabInstance: {fileID: 0}
  m_PrefabAsset: {fileID: 0}
  serializedVersion: 6
  m_Component:
  - component: {fileID: 494859309255523811}
  m_Layer: 0
  m_Name: joint11 1
  m_TagString: Untagged
  m_Icon: {fileID: 0}
  m_NavMeshLayer: 0
  m_StaticEditorFlags: 0
  m_IsActive: 1
--- !u!4 &494859309255523811
Transform:
  m_ObjectHideFlags: 0
  m_CorrespondingSourceObject: {fileID: 0}
  m_PrefabInstance: {fileID: 0}
  m_PrefabAsset: {fileID: 0}
  m_GameObject: {fileID: 8335150348253020201}
  m_LocalRotation: {x: 0, y: -0, z: -0, w: 1}
  m_LocalPosition: {x: 10.007812, y: 1.4784547, z: 1.3977519}
  m_LocalScale: {x: 1, y: 1, z: 1}
  m_Children:
  - {fileID: 7078146924121574037}
  m_Father: {fileID: 3727078555156586522}
  m_RootOrder: 4
  m_LocalEulerAnglesHint: {x: 0, y: 0, z: 0}
--- !u!1 &8404973254297347491
GameObject:
  m_ObjectHideFlags: 0
  m_CorrespondingSourceObject: {fileID: 0}
  m_PrefabInstance: {fileID: 0}
  m_PrefabAsset: {fileID: 0}
  serializedVersion: 6
  m_Component:
  - component: {fileID: 5480786576676082706}
  m_Layer: 0
  m_Name: joint5
  m_TagString: Untagged
  m_Icon: {fileID: 0}
  m_NavMeshLayer: 0
  m_StaticEditorFlags: 0
  m_IsActive: 1
--- !u!4 &5480786576676082706
Transform:
  m_ObjectHideFlags: 0
  m_CorrespondingSourceObject: {fileID: 0}
  m_PrefabInstance: {fileID: 0}
  m_PrefabAsset: {fileID: 0}
  m_GameObject: {fileID: 8404973254297347491}
  m_LocalRotation: {x: 0, y: -0, z: -0, w: 1}
  m_LocalPosition: {x: -9.21971, y: 0.08407174, z: 3.1935515}
  m_LocalScale: {x: 1, y: 1, z: 1}
  m_Children:
  - {fileID: 1338865892833325916}
  m_Father: {fileID: 2339437058647252459}
  m_RootOrder: 2
  m_LocalEulerAnglesHint: {x: 0, y: 0, z: 0}
--- !u!1 &8708199644041214957
GameObject:
  m_ObjectHideFlags: 0
  m_CorrespondingSourceObject: {fileID: 0}
  m_PrefabInstance: {fileID: 0}
  m_PrefabAsset: {fileID: 0}
  serializedVersion: 6
  m_Component:
  - component: {fileID: 1506665620389152957}
  m_Layer: 0
  m_Name: GD56_Raul_AMS_A1:l_clavicle1
  m_TagString: Untagged
  m_Icon: {fileID: 0}
  m_NavMeshLayer: 0
  m_StaticEditorFlags: 0
  m_IsActive: 1
--- !u!4 &1506665620389152957
Transform:
  m_ObjectHideFlags: 0
  m_CorrespondingSourceObject: {fileID: 0}
  m_PrefabInstance: {fileID: 0}
  m_PrefabAsset: {fileID: 0}
  m_GameObject: {fileID: 8708199644041214957}
  m_LocalRotation: {x: -0.5244877, y: -0.4742496, z: 0.5712526, w: -0.41673794}
  m_LocalPosition: {x: -13.038464, y: 0.57611096, z: -6.699919}
  m_LocalScale: {x: 1, y: 1, z: 1}
  m_Children:
  - {fileID: 984008764014832422}
  m_Father: {fileID: 4037437950294178402}
  m_RootOrder: 1
  m_LocalEulerAnglesHint: {x: 0, y: 0, z: 0}
--- !u!1 &8746402544677239975
GameObject:
  m_ObjectHideFlags: 0
  m_CorrespondingSourceObject: {fileID: 0}
  m_PrefabInstance: {fileID: 0}
  m_PrefabAsset: {fileID: 0}
  serializedVersion: 6
  m_Component:
  - component: {fileID: 1338865892833325916}
  m_Layer: 0
  m_Name: joint6
  m_TagString: Untagged
  m_Icon: {fileID: 0}
  m_NavMeshLayer: 0
  m_StaticEditorFlags: 0
  m_IsActive: 1
--- !u!4 &1338865892833325916
Transform:
  m_ObjectHideFlags: 0
  m_CorrespondingSourceObject: {fileID: 0}
  m_PrefabInstance: {fileID: 0}
  m_PrefabAsset: {fileID: 0}
  m_GameObject: {fileID: 8746402544677239975}
  m_LocalRotation: {x: 0.0068419473, y: 0.23034388, z: -0.00502328, w: 0.9730723}
  m_LocalPosition: {x: -4.0525208, y: -3.134288, z: 1.2358853}
  m_LocalScale: {x: 1, y: 1, z: 1}
  m_Children:
  - {fileID: 3738642632528044628}
  m_Father: {fileID: 5480786576676082706}
  m_RootOrder: 0
  m_LocalEulerAnglesHint: {x: 0, y: 0, z: 0}
--- !u!1 &9132060335818263477
GameObject:
  m_ObjectHideFlags: 0
  m_CorrespondingSourceObject: {fileID: 0}
  m_PrefabInstance: {fileID: 0}
  m_PrefabAsset: {fileID: 0}
  serializedVersion: 6
  m_Component:
  - component: {fileID: 5251410080740882854}
  - component: {fileID: 2768238658382435548}
  m_Layer: 0
  m_Name: Enemy
  m_TagString: Untagged
  m_Icon: {fileID: 0}
  m_NavMeshLayer: 0
  m_StaticEditorFlags: 0
  m_IsActive: 1
--- !u!4 &5251410080740882854
Transform:
  m_ObjectHideFlags: 0
  m_CorrespondingSourceObject: {fileID: 0}
  m_PrefabInstance: {fileID: 0}
  m_PrefabAsset: {fileID: 0}
  m_GameObject: {fileID: 9132060335818263477}
  m_LocalRotation: {x: -0, y: 0.9759242, z: -0, w: 0.21810992}
  m_LocalPosition: {x: 4.98, y: 0.5, z: -7.043}
  m_LocalScale: {x: 1, y: 1, z: 1}
  m_Children:
  - {fileID: 7848660296373278455}
  - {fileID: 460337590945644861}
  m_Father: {fileID: 0}
  m_RootOrder: 0
  m_LocalEulerAnglesHint: {x: 0, y: 154.804, z: 0}
--- !u!95 &2768238658382435548
Animator:
  serializedVersion: 3
  m_ObjectHideFlags: 0
  m_CorrespondingSourceObject: {fileID: 0}
  m_PrefabInstance: {fileID: 0}
  m_PrefabAsset: {fileID: 0}
  m_GameObject: {fileID: 9132060335818263477}
  m_Enabled: 1
  m_Avatar: {fileID: 9000000, guid: f4ac39aab6485eb4ebd397a94f8a03de, type: 3}
  m_Controller: {fileID: 9100000, guid: 9cb1d78ff60b77e4ba25202c567b83c9, type: 2}
  m_CullingMode: 1
  m_UpdateMode: 0
  m_ApplyRootMotion: 0
  m_LinearVelocityBlending: 0
  m_WarningMessage: 
  m_HasTransformHierarchy: 1
  m_AllowConstantClipSamplingOptimization: 1
  m_KeepAnimatorControllerStateOnDisable: 0
--- !u!1 &9216341730654138828
GameObject:
  m_ObjectHideFlags: 0
  m_CorrespondingSourceObject: {fileID: 0}
  m_PrefabInstance: {fileID: 0}
  m_PrefabAsset: {fileID: 0}
  serializedVersion: 6
  m_Component:
  - component: {fileID: 3733368328887334439}
  m_Layer: 0
  m_Name: joint13 1
  m_TagString: Untagged
  m_Icon: {fileID: 0}
  m_NavMeshLayer: 0
  m_StaticEditorFlags: 0
  m_IsActive: 1
--- !u!4 &3733368328887334439
Transform:
  m_ObjectHideFlags: 0
  m_CorrespondingSourceObject: {fileID: 0}
  m_PrefabInstance: {fileID: 0}
  m_PrefabAsset: {fileID: 0}
  m_GameObject: {fileID: 9216341730654138828}
  m_LocalRotation: {x: -1.1558746e-33, y: -0.023402344, z: -1.7700028e-16, w: 0.9997262}
  m_LocalPosition: {x: 2.41227, y: 2.951, z: -0.1840284}
  m_LocalScale: {x: 1, y: 1, z: 1}
  m_Children: []
  m_Father: {fileID: 7078146924121574037}
  m_RootOrder: 0
  m_LocalEulerAnglesHint: {x: 0, y: 0, z: 0}
