%YAML 1.1
%TAG !u! tag:unity3d.com,2011:
--- !u!1 &98349143365981201
GameObject:
  m_ObjectHideFlags: 0
  m_CorrespondingSourceObject: {fileID: 0}
  m_PrefabInstance: {fileID: 0}
  m_PrefabAsset: {fileID: 0}
  serializedVersion: 6
  m_Component:
  - component: {fileID: 7306123540867716994}
  m_Layer: 0
  m_Name: GD56_Raul_AMS_A1:l_knees 1
  m_TagString: Untagged
  m_Icon: {fileID: 0}
  m_NavMeshLayer: 0
  m_StaticEditorFlags: 0
  m_IsActive: 1
--- !u!4 &7306123540867716994
Transform:
  m_ObjectHideFlags: 0
  m_CorrespondingSourceObject: {fileID: 0}
  m_PrefabInstance: {fileID: 0}
  m_PrefabAsset: {fileID: 0}
  m_GameObject: {fileID: 98349143365981201}
  m_LocalRotation: {x: 0.87376887, y: 0.4786172, z: -0.07552327, w: 0.041830856}
  m_LocalPosition: {x: 26.135191, y: 25.087399, z: -7.7798305}
  m_LocalScale: {x: 1, y: 1, z: 1}
  m_Children:
  - {fileID: 4332143501439974436}
  m_Father: {fileID: 2340482415196409790}
  m_RootOrder: 0
  m_LocalEulerAnglesHint: {x: 0, y: 0, z: 0}
--- !u!1 &144013507191736902
GameObject:
  m_ObjectHideFlags: 0
  m_CorrespondingSourceObject: {fileID: 0}
  m_PrefabInstance: {fileID: 0}
  m_PrefabAsset: {fileID: 0}
  serializedVersion: 6
  m_Component:
  - component: {fileID: 7282537043294115573}
  m_Layer: 0
  m_Name: joint8 1
  m_TagString: Untagged
  m_Icon: {fileID: 0}
  m_NavMeshLayer: 0
  m_StaticEditorFlags: 0
  m_IsActive: 1
--- !u!4 &7282537043294115573
Transform:
  m_ObjectHideFlags: 0
  m_CorrespondingSourceObject: {fileID: 0}
  m_PrefabInstance: {fileID: 0}
  m_PrefabAsset: {fileID: 0}
  m_GameObject: {fileID: 144013507191736902}
  m_LocalRotation: {x: 0, y: -0, z: -0, w: 1}
  m_LocalPosition: {x: 10.4271755, y: 0.2576114, z: -1.1250656}
  m_LocalScale: {x: 1, y: 1, z: 1}
  m_Children:
  - {fileID: 5789958689489247018}
  m_Father: {fileID: 1014557365591169224}
  m_RootOrder: 3
  m_LocalEulerAnglesHint: {x: 0, y: 0, z: 0}
--- !u!1 &447773268737226161
GameObject:
  m_ObjectHideFlags: 0
  m_CorrespondingSourceObject: {fileID: 0}
  m_PrefabInstance: {fileID: 0}
  m_PrefabAsset: {fileID: 0}
  serializedVersion: 6
  m_Component:
  - component: {fileID: 6615441418778451705}
  m_Layer: 0
  m_Name: joint12
  m_TagString: Untagged
  m_Icon: {fileID: 0}
  m_NavMeshLayer: 0
  m_StaticEditorFlags: 0
  m_IsActive: 1
--- !u!4 &6615441418778451705
Transform:
  m_ObjectHideFlags: 0
  m_CorrespondingSourceObject: {fileID: 0}
  m_PrefabInstance: {fileID: 0}
  m_PrefabAsset: {fileID: 0}
  m_GameObject: {fileID: 447773268737226161}
  m_LocalRotation: {x: 0.006940986, y: 0.24974763, z: -0.0048855203, w: 0.96827376}
  m_LocalPosition: {x: -3.1110976, y: -1.5631262, z: 0.5489296}
  m_LocalScale: {x: 1, y: 1, z: 1}
  m_Children:
  - {fileID: 1443488220522618831}
  m_Father: {fileID: 1714801446692042547}
  m_RootOrder: 0
  m_LocalEulerAnglesHint: {x: 0, y: 0, z: 0}
--- !u!1 &589546945133082198
GameObject:
  m_ObjectHideFlags: 0
  m_CorrespondingSourceObject: {fileID: 0}
  m_PrefabInstance: {fileID: 0}
  m_PrefabAsset: {fileID: 0}
  serializedVersion: 6
  m_Component:
  - component: {fileID: 5921484774184433635}
  m_Layer: 0
  m_Name: joint1 1
  m_TagString: Untagged
  m_Icon: {fileID: 0}
  m_NavMeshLayer: 0
  m_StaticEditorFlags: 0
  m_IsActive: 1
--- !u!4 &5921484774184433635
Transform:
  m_ObjectHideFlags: 0
  m_CorrespondingSourceObject: {fileID: 0}
  m_PrefabInstance: {fileID: 0}
  m_PrefabAsset: {fileID: 0}
  m_GameObject: {fileID: 589546945133082198}
  m_LocalRotation: {x: 0.0065095164, y: 0.15578048, z: -0.005447181, w: 0.98775524}
  m_LocalPosition: {x: 1.1547446, y: 2.3193092, z: -1.4103599}
  m_LocalScale: {x: 1, y: 1, z: 1}
  m_Children:
  - {fileID: 7816537435118588661}
  m_Father: {fileID: 1142033922621842854}
  m_RootOrder: 0
  m_LocalEulerAnglesHint: {x: 0, y: 0, z: 0}
--- !u!1 &691873124502702718
GameObject:
  m_ObjectHideFlags: 0
  m_CorrespondingSourceObject: {fileID: 0}
  m_PrefabInstance: {fileID: 0}
  m_PrefabAsset: {fileID: 0}
  serializedVersion: 6
  m_Component:
  - component: {fileID: 1380112378631754038}
  m_Layer: 0
  m_Name: GD56_Raul_AMS_A1:neck
  m_TagString: Untagged
  m_Icon: {fileID: 0}
  m_NavMeshLayer: 0
  m_StaticEditorFlags: 0
  m_IsActive: 1
--- !u!4 &1380112378631754038
Transform:
  m_ObjectHideFlags: 0
  m_CorrespondingSourceObject: {fileID: 0}
  m_PrefabInstance: {fileID: 0}
  m_PrefabAsset: {fileID: 0}
  m_GameObject: {fileID: 691873124502702718}
  m_LocalRotation: {x: 0.9943588, y: -0.106069155, z: 5.214748e-18, w: 6.213599e-17}
  m_LocalPosition: {x: -14.104647, y: 1.1950015, z: 9.304243e-16}
  m_LocalScale: {x: 1, y: 1, z: 1}
  m_Children:
  - {fileID: 2805468479202528768}
  m_Father: {fileID: 408293550534673072}
  m_RootOrder: 2
  m_LocalEulerAnglesHint: {x: 0, y: 0, z: 0}
--- !u!1 &723309922525723939
GameObject:
  m_ObjectHideFlags: 0
  m_CorrespondingSourceObject: {fileID: 0}
  m_PrefabInstance: {fileID: 0}
  m_PrefabAsset: {fileID: 0}
  serializedVersion: 6
  m_Component:
  - component: {fileID: 4309419444865071599}
  m_Layer: 0
  m_Name: GD56_Raul_AMS_A1:waist
  m_TagString: Untagged
  m_Icon: {fileID: 0}
  m_NavMeshLayer: 0
  m_StaticEditorFlags: 0
  m_IsActive: 1
--- !u!4 &4309419444865071599
Transform:
  m_ObjectHideFlags: 0
  m_CorrespondingSourceObject: {fileID: 0}
  m_PrefabInstance: {fileID: 0}
  m_PrefabAsset: {fileID: 0}
  m_GameObject: {fileID: 723309922525723939}
  m_LocalRotation: {x: -0.45713133, y: 0.5394729, z: -0.45713133, w: 0.5394729}
  m_LocalPosition: {x: -0.0026153908, y: 0.974666, z: 0.022899263}
  m_LocalScale: {x: 0.01, y: 0.01, z: 0.01}
  m_Children:
  - {fileID: 923817022907425566}
  - {fileID: 7372551633905929808}
  - {fileID: 2340482415196409790}
  m_Father: {fileID: 8452571623851278708}
  m_RootOrder: 1
  m_LocalEulerAnglesHint: {x: 0, y: 0, z: 0}
--- !u!1 &780863834727576435
GameObject:
  m_ObjectHideFlags: 0
  m_CorrespondingSourceObject: {fileID: 0}
  m_PrefabInstance: {fileID: 0}
  m_PrefabAsset: {fileID: 0}
  serializedVersion: 6
  m_Component:
  - component: {fileID: 1142033922621842854}
  m_Layer: 0
  m_Name: GD56_Raul_AMS_A1:l_hand 1
  m_TagString: Untagged
  m_Icon: {fileID: 0}
  m_NavMeshLayer: 0
  m_StaticEditorFlags: 0
  m_IsActive: 1
--- !u!4 &1142033922621842854
Transform:
  m_ObjectHideFlags: 0
  m_CorrespondingSourceObject: {fileID: 0}
  m_PrefabInstance: {fileID: 0}
  m_PrefabAsset: {fileID: 0}
  m_GameObject: {fileID: 780863834727576435}
  m_LocalRotation: {x: -7.703872e-34, y: 0.00626942, z: 4.495462e-16, w: 0.9999804}
  m_LocalPosition: {x: 2.0299833, y: 3.3141773, z: -5.903273}
  m_LocalScale: {x: 1, y: 1, z: 1}
  m_Children:
  - {fileID: 5921484774184433635}
  m_Father: {fileID: 1014557365591169224}
  m_RootOrder: 0
  m_LocalEulerAnglesHint: {x: 0, y: 0, z: 0}
--- !u!1 &942054526349536774
GameObject:
  m_ObjectHideFlags: 0
  m_CorrespondingSourceObject: {fileID: 0}
  m_PrefabInstance: {fileID: 0}
  m_PrefabAsset: {fileID: 0}
  serializedVersion: 6
  m_Component:
  - component: {fileID: 6393555431250832481}
  m_Layer: 0
  m_Name: joint14
  m_TagString: Untagged
  m_Icon: {fileID: 0}
  m_NavMeshLayer: 0
  m_StaticEditorFlags: 0
  m_IsActive: 1
--- !u!4 &6393555431250832481
Transform:
  m_ObjectHideFlags: 0
  m_CorrespondingSourceObject: {fileID: 0}
  m_PrefabInstance: {fileID: 0}
  m_PrefabAsset: {fileID: 0}
  m_GameObject: {fileID: 942054526349536774}
  m_LocalRotation: {x: 0, y: -0.011314717, z: -0, w: 0.999936}
  m_LocalPosition: {x: -3.6350546, y: -2.3056154, z: 0.07892156}
  m_LocalScale: {x: 1, y: 1, z: 1}
  m_Children: []
  m_Father: {fileID: 9164151581509961413}
  m_RootOrder: 0
  m_LocalEulerAnglesHint: {x: 0, y: 0, z: 0}
--- !u!1 &942487025241217340
GameObject:
  m_ObjectHideFlags: 0
  m_CorrespondingSourceObject: {fileID: 0}
  m_PrefabInstance: {fileID: 0}
  m_PrefabAsset: {fileID: 0}
  serializedVersion: 6
  m_Component:
  - component: {fileID: 1443488220522618831}
  m_Layer: 0
  m_Name: joint13
  m_TagString: Untagged
  m_Icon: {fileID: 0}
  m_NavMeshLayer: 0
  m_StaticEditorFlags: 0
  m_IsActive: 1
--- !u!4 &1443488220522618831
Transform:
  m_ObjectHideFlags: 0
  m_CorrespondingSourceObject: {fileID: 0}
  m_PrefabInstance: {fileID: 0}
  m_PrefabAsset: {fileID: 0}
  m_GameObject: {fileID: 942487025241217340}
  m_LocalRotation: {x: 1.232933e-32, y: -0.023402344, z: 6.719096e-15, w: 0.9997262}
  m_LocalPosition: {x: -2.4122322, y: -2.9514253, z: 0.1840893}
  m_LocalScale: {x: 1, y: 1, z: 1}
  m_Children: []
  m_Father: {fileID: 6615441418778451705}
  m_RootOrder: 0
  m_LocalEulerAnglesHint: {x: 0, y: 0, z: 0}
--- !u!1 &1520885346086862932
GameObject:
  m_ObjectHideFlags: 0
  m_CorrespondingSourceObject: {fileID: 0}
  m_PrefabInstance: {fileID: 0}
  m_PrefabAsset: {fileID: 0}
  serializedVersion: 6
  m_Component:
  - component: {fileID: 1318584880138909652}
  m_Layer: 0
  m_Name: GD56_Raul_AMS_A1:l_ball
  m_TagString: Untagged
  m_Icon: {fileID: 0}
  m_NavMeshLayer: 0
  m_StaticEditorFlags: 0
  m_IsActive: 1
--- !u!4 &1318584880138909652
Transform:
  m_ObjectHideFlags: 0
  m_CorrespondingSourceObject: {fileID: 0}
  m_PrefabInstance: {fileID: 0}
  m_PrefabAsset: {fileID: 0}
  m_GameObject: {fileID: 1520885346086862932}
  m_LocalRotation: {x: -0.68678737, y: 0.1682541, z: -0.16147622, w: 0.68843246}
  m_LocalPosition: {x: -11.13667, y: 2.167292, z: -2.0712144}
  m_LocalScale: {x: 1, y: 1, z: 1}
  m_Children:
  - {fileID: 3841308981538814383}
  m_Father: {fileID: 6440912649276889309}
  m_RootOrder: 0
  m_LocalEulerAnglesHint: {x: 0, y: 0, z: 0}
--- !u!1 &1602578827917855399
GameObject:
  m_ObjectHideFlags: 0
  m_CorrespondingSourceObject: {fileID: 0}
  m_PrefabInstance: {fileID: 0}
  m_PrefabAsset: {fileID: 0}
  serializedVersion: 6
  m_Component:
  - component: {fileID: 1014557365591169224}
  m_Layer: 0
  m_Name: GD56_Raul_AMS_A1:l_wrist 1
  m_TagString: Untagged
  m_Icon: {fileID: 0}
  m_NavMeshLayer: 0
  m_StaticEditorFlags: 0
  m_IsActive: 1
--- !u!4 &1014557365591169224
Transform:
  m_ObjectHideFlags: 0
  m_CorrespondingSourceObject: {fileID: 0}
  m_PrefabInstance: {fileID: 0}
  m_PrefabAsset: {fileID: 0}
  m_GameObject: {fileID: 1602578827917855399}
  m_LocalRotation: {x: -0.0052267886, y: 0.01218068, z: 0.0032943704, w: 0.9999068}
  m_LocalPosition: {x: 18.824516, y: 3.4614341, z: -10.567239}
  m_LocalScale: {x: 1, y: 1, z: 1}
  m_Children:
  - {fileID: 1142033922621842854}
  - {fileID: 2697662276423253402}
  - {fileID: 8782278888684317629}
  - {fileID: 7282537043294115573}
  - {fileID: 4283846105180702001}
  m_Father: {fileID: 1025723351186962748}
  m_RootOrder: 0
  m_LocalEulerAnglesHint: {x: 0, y: 0, z: 0}
--- !u!1 &1648379999273008543
GameObject:
  m_ObjectHideFlags: 0
  m_CorrespondingSourceObject: {fileID: 0}
  m_PrefabInstance: {fileID: 0}
  m_PrefabAsset: {fileID: 0}
  serializedVersion: 6
  m_Component:
  - component: {fileID: 5789958689489247018}
  m_Layer: 0
  m_Name: joint9 1
  m_TagString: Untagged
  m_Icon: {fileID: 0}
  m_NavMeshLayer: 0
  m_StaticEditorFlags: 0
  m_IsActive: 1
--- !u!4 &5789958689489247018
Transform:
  m_ObjectHideFlags: 0
  m_CorrespondingSourceObject: {fileID: 0}
  m_PrefabInstance: {fileID: 0}
  m_PrefabAsset: {fileID: 0}
  m_GameObject: {fileID: 1648379999273008543}
  m_LocalRotation: {x: 0.0071380245, y: 0.289772, z: -0.004592841, w: 0.9570581}
  m_LocalPosition: {x: 4.0430455, y: 2.8860202, z: -0.80654234}
  m_LocalScale: {x: 1, y: 1, z: 1}
  m_Children:
  - {fileID: 8934974677363875028}
  m_Father: {fileID: 7282537043294115573}
  m_RootOrder: 0
  m_LocalEulerAnglesHint: {x: 0, y: 0, z: 0}
--- !u!1 &1682680285432173179
GameObject:
  m_ObjectHideFlags: 0
  m_CorrespondingSourceObject: {fileID: 0}
  m_PrefabInstance: {fileID: 0}
  m_PrefabAsset: {fileID: 0}
  serializedVersion: 6
  m_Component:
  - component: {fileID: 6440912649276889309}
  m_Layer: 0
  m_Name: GD56_Raul_AMS_A1:l_ankle
  m_TagString: Untagged
  m_Icon: {fileID: 0}
  m_NavMeshLayer: 0
  m_StaticEditorFlags: 0
  m_IsActive: 1
--- !u!4 &6440912649276889309
Transform:
  m_ObjectHideFlags: 0
  m_CorrespondingSourceObject: {fileID: 0}
  m_PrefabInstance: {fileID: 0}
  m_PrefabAsset: {fileID: 0}
  m_GameObject: {fileID: 1682680285432173179}
  m_LocalRotation: {x: -0.16597106, y: -0.011235251, z: -0.17509642, w: 0.97039616}
  m_LocalPosition: {x: -40.40673, y: -17.640907, z: 2.1154678}
  m_LocalScale: {x: 1, y: 1, z: 1}
  m_Children:
  - {fileID: 1318584880138909652}
  m_Father: {fileID: 7217581919129167735}
  m_RootOrder: 0
  m_LocalEulerAnglesHint: {x: 0, y: 0, z: 0}
--- !u!1 &1708663657182383360
GameObject:
  m_ObjectHideFlags: 0
  m_CorrespondingSourceObject: {fileID: 0}
  m_PrefabInstance: {fileID: 0}
  m_PrefabAsset: {fileID: 0}
  serializedVersion: 6
  m_Component:
  - component: {fileID: 1670858471510410576}
  m_Layer: 0
  m_Name: joint6 1
  m_TagString: Untagged
  m_Icon: {fileID: 0}
  m_NavMeshLayer: 0
  m_StaticEditorFlags: 0
  m_IsActive: 1
--- !u!4 &1670858471510410576
Transform:
  m_ObjectHideFlags: 0
  m_CorrespondingSourceObject: {fileID: 0}
  m_PrefabInstance: {fileID: 0}
  m_PrefabAsset: {fileID: 0}
  m_GameObject: {fileID: 1708663657182383360}
  m_LocalRotation: {x: 0.0068419473, y: 0.23034388, z: -0.00502328, w: 0.9730723}
  m_LocalPosition: {x: 4.0525365, y: 3.1346564, z: -1.2358589}
  m_LocalScale: {x: 1, y: 1, z: 1}
  m_Children:
  - {fileID: 8504250327810102547}
  m_Father: {fileID: 8782278888684317629}
  m_RootOrder: 0
  m_LocalEulerAnglesHint: {x: 0, y: 0, z: 0}
--- !u!1 &1821010120173721658
GameObject:
  m_ObjectHideFlags: 0
  m_CorrespondingSourceObject: {fileID: 0}
  m_PrefabInstance: {fileID: 0}
  m_PrefabAsset: {fileID: 0}
  serializedVersion: 6
  m_Component:
  - component: {fileID: 2541853381216168996}
  - component: {fileID: 6722734041056074540}
  m_Layer: 0
  m_Name: polySurface1
  m_TagString: Untagged
  m_Icon: {fileID: 0}
  m_NavMeshLayer: 0
  m_StaticEditorFlags: 0
  m_IsActive: 1
--- !u!4 &2541853381216168996
Transform:
  m_ObjectHideFlags: 0
  m_CorrespondingSourceObject: {fileID: 0}
  m_PrefabInstance: {fileID: 0}
  m_PrefabAsset: {fileID: 0}
  m_GameObject: {fileID: 1821010120173721658}
  m_LocalRotation: {x: 0, y: -0, z: -0, w: 1}
  m_LocalPosition: {x: -0, y: -77.957825, z: 1.8855963}
  m_LocalScale: {x: 1, y: 1, z: 1}
  m_Children: []
  m_Father: {fileID: 5442054263741591456}
  m_RootOrder: 0
  m_LocalEulerAnglesHint: {x: 0, y: 0, z: 0}
--- !u!137 &6722734041056074540
SkinnedMeshRenderer:
  m_ObjectHideFlags: 0
  m_CorrespondingSourceObject: {fileID: 0}
  m_PrefabInstance: {fileID: 0}
  m_PrefabAsset: {fileID: 0}
  m_GameObject: {fileID: 1821010120173721658}
  m_Enabled: 1
  m_CastShadows: 1
  m_ReceiveShadows: 1
  m_DynamicOccludee: 1
  m_MotionVectors: 1
  m_LightProbeUsage: 1
  m_ReflectionProbeUsage: 1
  m_RenderingLayerMask: 1
  m_RendererPriority: 0
  m_Materials:
  - {fileID: 2100000, guid: beae3e4bb3bc5254e90223fb0b4d32c3, type: 2}
  m_StaticBatchInfo:
    firstSubMesh: 0
    subMeshCount: 0
  m_StaticBatchRoot: {fileID: 0}
  m_ProbeAnchor: {fileID: 0}
  m_LightProbeVolumeOverride: {fileID: 0}
  m_ScaleInLightmap: 1
  m_ReceiveGI: 1
  m_PreserveUVs: 0
  m_IgnoreNormalsForChartDetection: 0
  m_ImportantGI: 0
  m_StitchLightmapSeams: 1
  m_SelectedEditorRenderState: 3
  m_MinimumChartSize: 4
  m_AutoUVMaxDistance: 0.5
  m_AutoUVMaxAngle: 89
  m_LightmapParameters: {fileID: 0}
  m_SortingLayerID: 0
  m_SortingLayer: 0
  m_SortingOrder: 0
  serializedVersion: 2
  m_Quality: 0
  m_UpdateWhenOffscreen: 0
  m_SkinnedMotionVectors: 1
  m_Mesh: {fileID: 6329158148709259305, guid: f4ac39aab6485eb4ebd397a94f8a03de, type: 3}
  m_Bones:
  - {fileID: 4309419444865071599}
  - {fileID: 923817022907425566}
  - {fileID: 408293550534673072}
  - {fileID: 1380112378631754038}
  - {fileID: 5566647581090842429}
  - {fileID: 4372130418646371442}
  - {fileID: 6725889582806979544}
  - {fileID: 2151041816362296633}
  - {fileID: 8926519404610779842}
  - {fileID: 1714801446692042547}
  - {fileID: 2973942389234872431}
  - {fileID: 3461779921854878708}
  - {fileID: 1025723351186962748}
  - {fileID: 1014557365591169224}
  - {fileID: 1142033922621842854}
  - {fileID: 4283846105180702001}
  - {fileID: 7372551633905929808}
  - {fileID: 7217581919129167735}
  - {fileID: 2340482415196409790}
  - {fileID: 7306123540867716994}
  m_BlendShapeWeights: []
  m_RootBone: {fileID: 4309419444865071599}
  m_AABB:
    m_Center: {x: 3.1124744, y: 4.671112, z: 0.2665615}
    m_Extent: {x: 39.50905, y: 24.614285, z: 53.525833}
  m_DirtyAABB: 0
--- !u!1 &2077946958672471483
GameObject:
  m_ObjectHideFlags: 0
  m_CorrespondingSourceObject: {fileID: 0}
  m_PrefabInstance: {fileID: 0}
  m_PrefabAsset: {fileID: 0}
  serializedVersion: 6
  m_Component:
  - component: {fileID: 6725889582806979544}
  m_Layer: 0
  m_Name: GD56_Raul_AMS_A1:l_elbow
  m_TagString: Untagged
  m_Icon: {fileID: 0}
  m_NavMeshLayer: 0
  m_StaticEditorFlags: 0
  m_IsActive: 1
--- !u!4 &6725889582806979544
Transform:
  m_ObjectHideFlags: 0
  m_CorrespondingSourceObject: {fileID: 0}
  m_PrefabInstance: {fileID: 0}
  m_PrefabAsset: {fileID: 0}
  m_GameObject: {fileID: 2077946958672471483}
  m_LocalRotation: {x: 0.0023954497, y: 0.000058085592, z: 0.0030230556, w: 0.9999926}
  m_LocalPosition: {x: -17.34379, y: -4.28625, z: 3.1684003}
  m_LocalScale: {x: 1, y: 1, z: 1}
  m_Children:
  - {fileID: 2151041816362296633}
  m_Father: {fileID: 4372130418646371442}
  m_RootOrder: 0
  m_LocalEulerAnglesHint: {x: 0, y: 0, z: 0}
--- !u!1 &2412965229817851400
GameObject:
  m_ObjectHideFlags: 0
  m_CorrespondingSourceObject: {fileID: 0}
  m_PrefabInstance: {fileID: 0}
  m_PrefabAsset: {fileID: 0}
  serializedVersion: 6
  m_Component:
  - component: {fileID: 8504250327810102547}
  m_Layer: 0
  m_Name: joint7 1
  m_TagString: Untagged
  m_Icon: {fileID: 0}
  m_NavMeshLayer: 0
  m_StaticEditorFlags: 0
  m_IsActive: 1
--- !u!4 &8504250327810102547
Transform:
  m_ObjectHideFlags: 0
  m_CorrespondingSourceObject: {fileID: 0}
  m_PrefabInstance: {fileID: 0}
  m_PrefabAsset: {fileID: 0}
  m_GameObject: {fileID: 2412965229817851400}
  m_LocalRotation: {x: -1.237856e-32, y: -0.09209655, z: -7.1626445e-16, w: 0.99575007}
  m_LocalPosition: {x: 3.985618, y: 4.267, z: -0.00008937125}
  m_LocalScale: {x: 1, y: 1, z: 1}
  m_Children: []
  m_Father: {fileID: 1670858471510410576}
  m_RootOrder: 0
  m_LocalEulerAnglesHint: {x: 0, y: 0, z: 0}
--- !u!1 &2936118807386781340
GameObject:
  m_ObjectHideFlags: 0
  m_CorrespondingSourceObject: {fileID: 0}
  m_PrefabInstance: {fileID: 0}
  m_PrefabAsset: {fileID: 0}
  serializedVersion: 6
  m_Component:
  - component: {fileID: 4717003809227738295}
  m_Layer: 0
  m_Name: polySurface2
  m_TagString: Untagged
  m_Icon: {fileID: 0}
  m_NavMeshLayer: 0
  m_StaticEditorFlags: 0
  m_IsActive: 1
--- !u!4 &4717003809227738295
Transform:
  m_ObjectHideFlags: 0
  m_CorrespondingSourceObject: {fileID: 0}
  m_PrefabInstance: {fileID: 0}
  m_PrefabAsset: {fileID: 0}
  m_GameObject: {fileID: 2936118807386781340}
  m_LocalRotation: {x: 0, y: -0, z: -0, w: 1}
  m_LocalPosition: {x: -0, y: -77.957825, z: 1.8855963}
  m_LocalScale: {x: 1, y: 1, z: 1}
  m_Children:
  - {fileID: 3625608574173820576}
  - {fileID: 944601978508712414}
  m_Father: {fileID: 5442054263741591456}
  m_RootOrder: 1
  m_LocalEulerAnglesHint: {x: 0, y: 0, z: 0}
--- !u!1 &2969447764850474231
GameObject:
  m_ObjectHideFlags: 0
  m_CorrespondingSourceObject: {fileID: 0}
  m_PrefabInstance: {fileID: 0}
  m_PrefabAsset: {fileID: 0}
  serializedVersion: 6
  m_Component:
  - component: {fileID: 7816537435118588661}
  m_Layer: 0
  m_Name: joint14 1
  m_TagString: Untagged
  m_Icon: {fileID: 0}
  m_NavMeshLayer: 0
  m_StaticEditorFlags: 0
  m_IsActive: 1
--- !u!4 &7816537435118588661
Transform:
  m_ObjectHideFlags: 0
  m_CorrespondingSourceObject: {fileID: 0}
  m_PrefabInstance: {fileID: 0}
  m_PrefabAsset: {fileID: 0}
  m_GameObject: {fileID: 2969447764850474231}
  m_LocalRotation: {x: 0.0000000074501036, y: -0.011314717, z: 8.430112e-11, w: 0.999936}
  m_LocalPosition: {x: 3.6351144, y: 2.305, z: -0.07890302}
  m_LocalScale: {x: 1, y: 1, z: 1}
  m_Children: []
  m_Father: {fileID: 5921484774184433635}
  m_RootOrder: 0
  m_LocalEulerAnglesHint: {x: 0, y: 0, z: 0}
--- !u!1 &3426625879919648553
GameObject:
  m_ObjectHideFlags: 0
  m_CorrespondingSourceObject: {fileID: 0}
  m_PrefabInstance: {fileID: 0}
  m_PrefabAsset: {fileID: 0}
  serializedVersion: 6
  m_Component:
  - component: {fileID: 3958800747274387131}
  m_Layer: 0
  m_Name: joint9
  m_TagString: Untagged
  m_Icon: {fileID: 0}
  m_NavMeshLayer: 0
  m_StaticEditorFlags: 0
  m_IsActive: 1
--- !u!4 &3958800747274387131
Transform:
  m_ObjectHideFlags: 0
  m_CorrespondingSourceObject: {fileID: 0}
  m_PrefabInstance: {fileID: 0}
  m_PrefabAsset: {fileID: 0}
  m_GameObject: {fileID: 3426625879919648553}
  m_LocalRotation: {x: 0.0071380245, y: 0.289772, z: -0.004592841, w: 0.9570581}
  m_LocalPosition: {x: -4.043099, y: -2.8858373, z: 0.8065224}
  m_LocalScale: {x: 1, y: 1, z: 1}
  m_Children:
  - {fileID: 9181144021254008191}
  m_Father: {fileID: 6783035115567043417}
  m_RootOrder: 0
  m_LocalEulerAnglesHint: {x: 0, y: 0, z: 0}
--- !u!1 &3448110315394258886
GameObject:
  m_ObjectHideFlags: 0
  m_CorrespondingSourceObject: {fileID: 0}
  m_PrefabInstance: {fileID: 0}
  m_PrefabAsset: {fileID: 0}
  serializedVersion: 6
  m_Component:
  - component: {fileID: 8926519404610779842}
  m_Layer: 0
  m_Name: GD56_Raul_AMS_A1:l_hand
  m_TagString: Untagged
  m_Icon: {fileID: 0}
  m_NavMeshLayer: 0
  m_StaticEditorFlags: 0
  m_IsActive: 1
--- !u!4 &8926519404610779842
Transform:
  m_ObjectHideFlags: 0
  m_CorrespondingSourceObject: {fileID: 0}
  m_PrefabInstance: {fileID: 0}
  m_PrefabAsset: {fileID: 0}
  m_GameObject: {fileID: 3448110315394258886}
  m_LocalRotation: {x: 0, y: 0.00626942, z: -0, w: 0.9999804}
  m_LocalPosition: {x: -2.0299456, y: -3.3145936, z: 5.9032316}
  m_LocalScale: {x: 1, y: 1, z: 1}
  m_Children:
  - {fileID: 9164151581509961413}
  m_Father: {fileID: 2151041816362296633}
  m_RootOrder: 0
  m_LocalEulerAnglesHint: {x: 0, y: 0, z: 0}
--- !u!1 &3654768994639358565
GameObject:
  m_ObjectHideFlags: 0
  m_CorrespondingSourceObject: {fileID: 0}
  m_PrefabInstance: {fileID: 0}
  m_PrefabAsset: {fileID: 0}
  serializedVersion: 6
  m_Component:
  - component: {fileID: 2151041816362296633}
  m_Layer: 0
  m_Name: GD56_Raul_AMS_A1:l_wrist
  m_TagString: Untagged
  m_Icon: {fileID: 0}
  m_NavMeshLayer: 0
  m_StaticEditorFlags: 0
  m_IsActive: 1
--- !u!4 &2151041816362296633
Transform:
  m_ObjectHideFlags: 0
  m_CorrespondingSourceObject: {fileID: 0}
  m_PrefabInstance: {fileID: 0}
  m_PrefabAsset: {fileID: 0}
  m_GameObject: {fileID: 3654768994639358565}
  m_LocalRotation: {x: -0.0052267886, y: 0.01218068, z: 0.0032943704, w: 0.9999068}
  m_LocalPosition: {x: -18.824537, y: -3.4612858, z: 10.567227}
  m_LocalScale: {x: 1, y: 1, z: 1}
  m_Children:
  - {fileID: 8926519404610779842}
  - {fileID: 6385173902396585734}
  - {fileID: 8188382933544152256}
  - {fileID: 6783035115567043417}
  - {fileID: 1714801446692042547}
  m_Father: {fileID: 6725889582806979544}
  m_RootOrder: 0
  m_LocalEulerAnglesHint: {x: 0, y: 0, z: 0}
--- !u!1 &3978520025931391943
GameObject:
  m_ObjectHideFlags: 0
  m_CorrespondingSourceObject: {fileID: 0}
  m_PrefabInstance: {fileID: 0}
  m_PrefabAsset: {fileID: 0}
  serializedVersion: 6
  m_Component:
  - component: {fileID: 7372551633905929808}
  m_Layer: 0
  m_Name: GD56_Raul_AMS_A1:l_hip
  m_TagString: Untagged
  m_Icon: {fileID: 0}
  m_NavMeshLayer: 0
  m_StaticEditorFlags: 0
  m_IsActive: 1
--- !u!4 &7372551633905929808
Transform:
  m_ObjectHideFlags: 0
  m_CorrespondingSourceObject: {fileID: 0}
  m_PrefabInstance: {fileID: 0}
  m_PrefabAsset: {fileID: 0}
  m_GameObject: {fileID: 3978520025931391943}
  m_LocalRotation: {x: -0.3045966, y: 0.939696, z: -0.14843147, w: -0.04647999}
  m_LocalPosition: {x: 9.909454, y: 0.7875338, z: -8.371127}
  m_LocalScale: {x: 1, y: 1, z: 1}
  m_Children:
  - {fileID: 7217581919129167735}
  m_Father: {fileID: 4309419444865071599}
  m_RootOrder: 1
  m_LocalEulerAnglesHint: {x: 0, y: 0, z: 0}
--- !u!1 &4133670049838332812
GameObject:
  m_ObjectHideFlags: 0
  m_CorrespondingSourceObject: {fileID: 0}
  m_PrefabInstance: {fileID: 0}
  m_PrefabAsset: {fileID: 0}
  serializedVersion: 6
  m_Component:
  - component: {fileID: 8934974677363875028}
  m_Layer: 0
  m_Name: joint10 1
  m_TagString: Untagged
  m_Icon: {fileID: 0}
  m_NavMeshLayer: 0
  m_StaticEditorFlags: 0
  m_IsActive: 1
--- !u!4 &8934974677363875028
Transform:
  m_ObjectHideFlags: 0
  m_CorrespondingSourceObject: {fileID: 0}
  m_PrefabInstance: {fileID: 0}
  m_PrefabAsset: {fileID: 0}
  m_GameObject: {fileID: 4133670049838332812}
  m_LocalRotation: {x: 2.1599569e-32, y: -0.05193835, z: -7.6533254e-16, w: 0.9986503}
  m_LocalPosition: {x: 2.7172613, y: 3.509, z: 0.000037139067}
  m_LocalScale: {x: 1, y: 1, z: 1}
  m_Children: []
  m_Father: {fileID: 5789958689489247018}
  m_RootOrder: 0
  m_LocalEulerAnglesHint: {x: 0, y: 0, z: 0}
--- !u!1 &4209857817089352001
GameObject:
  m_ObjectHideFlags: 0
  m_CorrespondingSourceObject: {fileID: 0}
  m_PrefabInstance: {fileID: 0}
  m_PrefabAsset: {fileID: 0}
  serializedVersion: 6
  m_Component:
  - component: {fileID: 2805468479202528768}
  m_Layer: 0
  m_Name: GD56_Raul_AMS_A1:head
  m_TagString: Untagged
  m_Icon: {fileID: 0}
  m_NavMeshLayer: 0
  m_StaticEditorFlags: 0
  m_IsActive: 1
--- !u!4 &2805468479202528768
Transform:
  m_ObjectHideFlags: 0
  m_CorrespondingSourceObject: {fileID: 0}
  m_PrefabInstance: {fileID: 0}
  m_PrefabAsset: {fileID: 0}
  m_GameObject: {fileID: 4209857817089352001}
  m_LocalRotation: {x: -5.551115e-17, y: 2.7755576e-17, z: 0.26714033, w: 0.9636576}
  m_LocalPosition: {x: -6.8234186, y: -0.105557315, z: -4.4925535e-15}
  m_LocalScale: {x: 1, y: 1, z: 1}
  m_Children:
  - {fileID: 9205087546745964938}
  m_Father: {fileID: 1380112378631754038}
  m_RootOrder: 0
  m_LocalEulerAnglesHint: {x: 0, y: 0, z: 0}
--- !u!1 &4284523027112065121
GameObject:
  m_ObjectHideFlags: 0
  m_CorrespondingSourceObject: {fileID: 0}
  m_PrefabInstance: {fileID: 0}
  m_PrefabAsset: {fileID: 0}
  serializedVersion: 6
  m_Component:
  - component: {fileID: 5566647581090842429}
  m_Layer: 0
  m_Name: GD56_Raul_AMS_A1:l_clavicle
  m_TagString: Untagged
  m_Icon: {fileID: 0}
  m_NavMeshLayer: 0
  m_StaticEditorFlags: 0
  m_IsActive: 1
--- !u!4 &5566647581090842429
Transform:
  m_ObjectHideFlags: 0
  m_CorrespondingSourceObject: {fileID: 0}
  m_PrefabInstance: {fileID: 0}
  m_PrefabAsset: {fileID: 0}
  m_GameObject: {fileID: 4284523027112065121}
  m_LocalRotation: {x: -0.4742496, y: 0.5244877, z: 0.41673794, w: 0.5712526}
  m_LocalPosition: {x: -13.0386305, y: 0.57614625, z: 6.699915}
  m_LocalScale: {x: 1, y: 1, z: 1}
  m_Children:
  - {fileID: 4372130418646371442}
  m_Father: {fileID: 408293550534673072}
  m_RootOrder: 0
  m_LocalEulerAnglesHint: {x: 0, y: 0, z: 0}
--- !u!1 &4335456867736775138
GameObject:
  m_ObjectHideFlags: 0
  m_CorrespondingSourceObject: {fileID: 0}
  m_PrefabInstance: {fileID: 0}
  m_PrefabAsset: {fileID: 0}
  serializedVersion: 6
  m_Component:
  - component: {fileID: 408293550534673072}
  m_Layer: 0
  m_Name: GD56_Raul_AMS_A1:back_upper
  m_TagString: Untagged
  m_Icon: {fileID: 0}
  m_NavMeshLayer: 0
  m_StaticEditorFlags: 0
  m_IsActive: 1
--- !u!4 &408293550534673072
Transform:
  m_ObjectHideFlags: 0
  m_CorrespondingSourceObject: {fileID: 0}
  m_PrefabInstance: {fileID: 0}
  m_PrefabAsset: {fileID: 0}
  m_GameObject: {fileID: 4335456867736775138}
  m_LocalRotation: {x: 0, y: 0, z: -0.0022454872, w: 0.9999975}
  m_LocalPosition: {x: -8.21289, y: 0.24373601, z: 5.2930335e-15}
  m_LocalScale: {x: 1, y: 1, z: 1}
  m_Children:
  - {fileID: 5566647581090842429}
  - {fileID: 2973942389234872431}
  - {fileID: 1380112378631754038}
  m_Father: {fileID: 923817022907425566}
  m_RootOrder: 0
  m_LocalEulerAnglesHint: {x: 0, y: 0, z: 0}
--- !u!1 &4358867661710142448
GameObject:
  m_ObjectHideFlags: 0
  m_CorrespondingSourceObject: {fileID: 0}
  m_PrefabInstance: {fileID: 0}
  m_PrefabAsset: {fileID: 0}
  serializedVersion: 6
  m_Component:
  - component: {fileID: 2697662276423253402}
  m_Layer: 0
  m_Name: joint2 1
  m_TagString: Untagged
  m_Icon: {fileID: 0}
  m_NavMeshLayer: 0
  m_StaticEditorFlags: 0
  m_IsActive: 1
--- !u!4 &2697662276423253402
Transform:
  m_ObjectHideFlags: 0
  m_CorrespondingSourceObject: {fileID: 0}
  m_PrefabInstance: {fileID: 0}
  m_PrefabAsset: {fileID: 0}
  m_GameObject: {fileID: 4358867661710142448}
  m_LocalRotation: {x: 0, y: -0, z: -0, w: 1}
  m_LocalPosition: {x: 8.371355, y: -0.046424303, z: -5.618225}
  m_LocalScale: {x: 1, y: 1, z: 1}
  m_Children:
  - {fileID: 5601073264539863176}
  m_Father: {fileID: 1014557365591169224}
  m_RootOrder: 1
  m_LocalEulerAnglesHint: {x: 0, y: 0, z: 0}
--- !u!1 &4402091513022476158
GameObject:
  m_ObjectHideFlags: 0
  m_CorrespondingSourceObject: {fileID: 0}
  m_PrefabInstance: {fileID: 0}
  m_PrefabAsset: {fileID: 0}
  serializedVersion: 6
  m_Component:
  - component: {fileID: 7217581919129167735}
  m_Layer: 0
  m_Name: GD56_Raul_AMS_A1:l_knees
  m_TagString: Untagged
  m_Icon: {fileID: 0}
  m_NavMeshLayer: 0
  m_StaticEditorFlags: 0
  m_IsActive: 1
--- !u!4 &7217581919129167735
Transform:
  m_ObjectHideFlags: 0
  m_CorrespondingSourceObject: {fileID: 0}
  m_PrefabInstance: {fileID: 0}
  m_PrefabAsset: {fileID: 0}
  m_GameObject: {fileID: 4402091513022476158}
  m_LocalRotation: {x: 0.87376887, y: 0.4786172, z: -0.07552327, w: 0.041830856}
  m_LocalPosition: {x: -26.135168, y: -25.087389, z: 7.77979}
  m_LocalScale: {x: 1, y: 1, z: 1}
  m_Children:
  - {fileID: 6440912649276889309}
  m_Father: {fileID: 7372551633905929808}
  m_RootOrder: 0
  m_LocalEulerAnglesHint: {x: 0, y: 0, z: 0}
--- !u!1 &4446522559675345438
GameObject:
  m_ObjectHideFlags: 0
  m_CorrespondingSourceObject: {fileID: 0}
  m_PrefabInstance: {fileID: 0}
  m_PrefabAsset: {fileID: 0}
  serializedVersion: 6
  m_Component:
  - component: {fileID: 9164151581509961413}
  m_Layer: 0
  m_Name: joint1
  m_TagString: Untagged
  m_Icon: {fileID: 0}
  m_NavMeshLayer: 0
  m_StaticEditorFlags: 0
  m_IsActive: 1
--- !u!4 &9164151581509961413
Transform:
  m_ObjectHideFlags: 0
  m_CorrespondingSourceObject: {fileID: 0}
  m_PrefabInstance: {fileID: 0}
  m_PrefabAsset: {fileID: 0}
  m_GameObject: {fileID: 4446522559675345438}
  m_LocalRotation: {x: 0.0065095164, y: 0.15578048, z: -0.005447181, w: 0.98775524}
  m_LocalPosition: {x: -1.1547832, y: -2.3185632, z: 1.4104159}
  m_LocalScale: {x: 1, y: 1, z: 1}
  m_Children:
  - {fileID: 6393555431250832481}
  m_Father: {fileID: 8926519404610779842}
  m_RootOrder: 0
  m_LocalEulerAnglesHint: {x: 0, y: 0, z: 0}
--- !u!1 &4608897311416567931
GameObject:
  m_ObjectHideFlags: 0
  m_CorrespondingSourceObject: {fileID: 0}
  m_PrefabInstance: {fileID: 0}
  m_PrefabAsset: {fileID: 0}
  serializedVersion: 6
  m_Component:
  - component: {fileID: 3625608574173820576}
  - component: {fileID: 6493004287580447144}
  m_Layer: 0
  m_Name: polySurface3
  m_TagString: Untagged
  m_Icon: {fileID: 0}
  m_NavMeshLayer: 0
  m_StaticEditorFlags: 0
  m_IsActive: 1
--- !u!4 &3625608574173820576
Transform:
  m_ObjectHideFlags: 0
  m_CorrespondingSourceObject: {fileID: 0}
  m_PrefabInstance: {fileID: 0}
  m_PrefabAsset: {fileID: 0}
  m_GameObject: {fileID: 4608897311416567931}
  m_LocalRotation: {x: 0, y: -0, z: -0, w: 1}
  m_LocalPosition: {x: -0, y: 0, z: 0}
  m_LocalScale: {x: 1, y: 1, z: 1}
  m_Children: []
  m_Father: {fileID: 4717003809227738295}
  m_RootOrder: 0
  m_LocalEulerAnglesHint: {x: 0, y: 0, z: 0}
--- !u!137 &6493004287580447144
SkinnedMeshRenderer:
  m_ObjectHideFlags: 0
  m_CorrespondingSourceObject: {fileID: 0}
  m_PrefabInstance: {fileID: 0}
  m_PrefabAsset: {fileID: 0}
  m_GameObject: {fileID: 4608897311416567931}
  m_Enabled: 1
  m_CastShadows: 1
  m_ReceiveShadows: 1
  m_DynamicOccludee: 1
  m_MotionVectors: 1
  m_LightProbeUsage: 1
  m_ReflectionProbeUsage: 1
  m_RenderingLayerMask: 1
  m_RendererPriority: 0
  m_Materials:
  - {fileID: 2100000, guid: beae3e4bb3bc5254e90223fb0b4d32c3, type: 2}
  m_StaticBatchInfo:
    firstSubMesh: 0
    subMeshCount: 0
  m_StaticBatchRoot: {fileID: 0}
  m_ProbeAnchor: {fileID: 0}
  m_LightProbeVolumeOverride: {fileID: 0}
  m_ScaleInLightmap: 1
  m_ReceiveGI: 1
  m_PreserveUVs: 0
  m_IgnoreNormalsForChartDetection: 0
  m_ImportantGI: 0
  m_StitchLightmapSeams: 1
  m_SelectedEditorRenderState: 3
  m_MinimumChartSize: 4
  m_AutoUVMaxDistance: 0.5
  m_AutoUVMaxAngle: 89
  m_LightmapParameters: {fileID: 0}
  m_SortingLayerID: 0
  m_SortingLayer: 0
  m_SortingOrder: 0
  serializedVersion: 2
  m_Quality: 0
  m_UpdateWhenOffscreen: 0
  m_SkinnedMotionVectors: 1
  m_Mesh: {fileID: 4164511204261677510, guid: f4ac39aab6485eb4ebd397a94f8a03de, type: 3}
  m_Bones:
  - {fileID: 4309419444865071599}
  - {fileID: 923817022907425566}
  - {fileID: 408293550534673072}
  - {fileID: 1380112378631754038}
  - {fileID: 5566647581090842429}
  - {fileID: 4372130418646371442}
  - {fileID: 2973942389234872431}
  - {fileID: 3461779921854878708}
  - {fileID: 7372551633905929808}
  - {fileID: 2340482415196409790}
  m_BlendShapeWeights: []
  m_RootBone: {fileID: 4309419444865071599}
  m_AABB:
    m_Center: {x: -14.535599, y: 1.0061426, z: 0.26153946}
    m_Extent: {x: 20.88168, y: 17.290936, z: 20.505085}
  m_DirtyAABB: 0
--- !u!1 &4776724121675057438
GameObject:
  m_ObjectHideFlags: 0
  m_CorrespondingSourceObject: {fileID: 0}
  m_PrefabInstance: {fileID: 0}
  m_PrefabAsset: {fileID: 0}
  serializedVersion: 6
  m_Component:
  - component: {fileID: 1036608608441274101}
  m_Layer: 0
  m_Name: joint13 1
  m_TagString: Untagged
  m_Icon: {fileID: 0}
  m_NavMeshLayer: 0
  m_StaticEditorFlags: 0
  m_IsActive: 1
--- !u!4 &1036608608441274101
Transform:
  m_ObjectHideFlags: 0
  m_CorrespondingSourceObject: {fileID: 0}
  m_PrefabInstance: {fileID: 0}
  m_PrefabAsset: {fileID: 0}
  m_GameObject: {fileID: 4776724121675057438}
  m_LocalRotation: {x: -1.1558746e-33, y: -0.023402344, z: -1.7700028e-16, w: 0.9997262}
  m_LocalPosition: {x: 2.41227, y: 2.951, z: -0.1840284}
  m_LocalScale: {x: 1, y: 1, z: 1}
  m_Children: []
  m_Father: {fileID: 6888239819182223943}
  m_RootOrder: 0
  m_LocalEulerAnglesHint: {x: 0, y: 0, z: 0}
--- !u!1 &4834271991376982887
GameObject:
  m_ObjectHideFlags: 0
  m_CorrespondingSourceObject: {fileID: 0}
  m_PrefabInstance: {fileID: 0}
  m_PrefabAsset: {fileID: 0}
  serializedVersion: 6
  m_Component:
  - component: {fileID: 8452571623851278708}
  - component: {fileID: 2001730024795237390}
  m_Layer: 0
  m_Name: Jane
  m_TagString: Untagged
  m_Icon: {fileID: 0}
  m_NavMeshLayer: 0
  m_StaticEditorFlags: 0
  m_IsActive: 1
--- !u!4 &8452571623851278708
Transform:
  m_ObjectHideFlags: 0
  m_CorrespondingSourceObject: {fileID: 0}
  m_PrefabInstance: {fileID: 0}
  m_PrefabAsset: {fileID: 0}
  m_GameObject: {fileID: 4834271991376982887}
  m_LocalRotation: {x: -0, y: 0.8889223, z: -0, w: 0.458058}
  m_LocalPosition: {x: 5.49, y: 0.5, z: -3.65}
  m_LocalScale: {x: 1, y: 1, z: 1}
  m_Children:
  - {fileID: 5442054263741591456}
  - {fileID: 4309419444865071599}
  m_Father: {fileID: 0}
  m_RootOrder: 0
  m_LocalEulerAnglesHint: {x: 0, y: 125.476006, z: 0}
--- !u!95 &2001730024795237390
Animator:
  serializedVersion: 3
  m_ObjectHideFlags: 0
  m_CorrespondingSourceObject: {fileID: 0}
  m_PrefabInstance: {fileID: 0}
  m_PrefabAsset: {fileID: 0}
  m_GameObject: {fileID: 4834271991376982887}
  m_Enabled: 1
  m_Avatar: {fileID: 9000000, guid: f4ac39aab6485eb4ebd397a94f8a03de, type: 3}
  m_Controller: {fileID: 0}
  m_CullingMode: 1
  m_UpdateMode: 0
  m_ApplyRootMotion: 0
  m_LinearVelocityBlending: 0
  m_WarningMessage: 
  m_HasTransformHierarchy: 1
  m_AllowConstantClipSamplingOptimization: 1
  m_KeepAnimatorControllerStateOnDisable: 0
--- !u!1 &4957379589422433397
GameObject:
  m_ObjectHideFlags: 0
  m_CorrespondingSourceObject: {fileID: 0}
  m_PrefabInstance: {fileID: 0}
  m_PrefabAsset: {fileID: 0}
  serializedVersion: 6
  m_Component:
  - component: {fileID: 3402975092474612622}
  m_Layer: 0
  m_Name: joint6
  m_TagString: Untagged
  m_Icon: {fileID: 0}
  m_NavMeshLayer: 0
  m_StaticEditorFlags: 0
  m_IsActive: 1
--- !u!4 &3402975092474612622
Transform:
  m_ObjectHideFlags: 0
  m_CorrespondingSourceObject: {fileID: 0}
  m_PrefabInstance: {fileID: 0}
  m_PrefabAsset: {fileID: 0}
  m_GameObject: {fileID: 4957379589422433397}
  m_LocalRotation: {x: 0.0068419473, y: 0.23034388, z: -0.00502328, w: 0.9730723}
  m_LocalPosition: {x: -4.0525208, y: -3.134288, z: 1.2358853}
  m_LocalScale: {x: 1, y: 1, z: 1}
  m_Children:
  - {fileID: 1031046224187480710}
  m_Father: {fileID: 8188382933544152256}
  m_RootOrder: 0
  m_LocalEulerAnglesHint: {x: 0, y: 0, z: 0}
--- !u!1 &5004886557988389695
GameObject:
  m_ObjectHideFlags: 0
  m_CorrespondingSourceObject: {fileID: 0}
  m_PrefabInstance: {fileID: 0}
  m_PrefabAsset: {fileID: 0}
  serializedVersion: 6
  m_Component:
  - component: {fileID: 2973942389234872431}
  m_Layer: 0
  m_Name: GD56_Raul_AMS_A1:l_clavicle1
  m_TagString: Untagged
  m_Icon: {fileID: 0}
  m_NavMeshLayer: 0
  m_StaticEditorFlags: 0
  m_IsActive: 1
--- !u!4 &2973942389234872431
Transform:
  m_ObjectHideFlags: 0
  m_CorrespondingSourceObject: {fileID: 0}
  m_PrefabInstance: {fileID: 0}
  m_PrefabAsset: {fileID: 0}
  m_GameObject: {fileID: 5004886557988389695}
  m_LocalRotation: {x: -0.5244877, y: -0.4742496, z: 0.5712526, w: -0.41673794}
  m_LocalPosition: {x: -13.038464, y: 0.57611096, z: -6.699919}
  m_LocalScale: {x: 1, y: 1, z: 1}
  m_Children:
  - {fileID: 3461779921854878708}
  m_Father: {fileID: 408293550534673072}
  m_RootOrder: 1
  m_LocalEulerAnglesHint: {x: 0, y: 0, z: 0}
--- !u!1 &5262779533597711729
GameObject:
  m_ObjectHideFlags: 0
  m_CorrespondingSourceObject: {fileID: 0}
  m_PrefabInstance: {fileID: 0}
  m_PrefabAsset: {fileID: 0}
  serializedVersion: 6
  m_Component:
  - component: {fileID: 8188382933544152256}
  m_Layer: 0
  m_Name: joint5
  m_TagString: Untagged
  m_Icon: {fileID: 0}
  m_NavMeshLayer: 0
  m_StaticEditorFlags: 0
  m_IsActive: 1
--- !u!4 &8188382933544152256
Transform:
  m_ObjectHideFlags: 0
  m_CorrespondingSourceObject: {fileID: 0}
  m_PrefabInstance: {fileID: 0}
  m_PrefabAsset: {fileID: 0}
  m_GameObject: {fileID: 5262779533597711729}
  m_LocalRotation: {x: 0, y: -0, z: -0, w: 1}
  m_LocalPosition: {x: -9.21971, y: 0.08407174, z: 3.1935515}
  m_LocalScale: {x: 1, y: 1, z: 1}
  m_Children:
  - {fileID: 3402975092474612622}
  m_Father: {fileID: 2151041816362296633}
  m_RootOrder: 2
  m_LocalEulerAnglesHint: {x: 0, y: 0, z: 0}
--- !u!1 &5511093858663472598
GameObject:
  m_ObjectHideFlags: 0
  m_CorrespondingSourceObject: {fileID: 0}
  m_PrefabInstance: {fileID: 0}
  m_PrefabAsset: {fileID: 0}
  serializedVersion: 6
  m_Component:
  - component: {fileID: 5601073264539863176}
  m_Layer: 0
  m_Name: joint3 1
  m_TagString: Untagged
  m_Icon: {fileID: 0}
  m_NavMeshLayer: 0
  m_StaticEditorFlags: 0
  m_IsActive: 1
--- !u!4 &5601073264539863176
Transform:
  m_ObjectHideFlags: 0
  m_CorrespondingSourceObject: {fileID: 0}
  m_PrefabInstance: {fileID: 0}
  m_PrefabAsset: {fileID: 0}
  m_GameObject: {fileID: 5511093858663472598}
  m_LocalRotation: {x: 0.0066577033, y: 0.19535567, z: -0.005265033, w: 0.9806957}
  m_LocalPosition: {x: 3.6373897, y: 2.9053228, z: -1.7205716}
  m_LocalScale: {x: 1, y: 1, z: 1}
  m_Children:
  - {fileID: 4090025283531092641}
  m_Father: {fileID: 2697662276423253402}
  m_RootOrder: 0
  m_LocalEulerAnglesHint: {x: 0, y: 0, z: 0}
--- !u!1 &5620835013476792571
GameObject:
  m_ObjectHideFlags: 0
  m_CorrespondingSourceObject: {fileID: 0}
  m_PrefabInstance: {fileID: 0}
  m_PrefabAsset: {fileID: 0}
  serializedVersion: 6
  m_Component:
  - component: {fileID: 4283846105180702001}
  m_Layer: 0
  m_Name: joint11 1
  m_TagString: Untagged
  m_Icon: {fileID: 0}
  m_NavMeshLayer: 0
  m_StaticEditorFlags: 0
  m_IsActive: 1
--- !u!4 &4283846105180702001
Transform:
  m_ObjectHideFlags: 0
  m_CorrespondingSourceObject: {fileID: 0}
  m_PrefabInstance: {fileID: 0}
  m_PrefabAsset: {fileID: 0}
  m_GameObject: {fileID: 5620835013476792571}
  m_LocalRotation: {x: 0, y: -0, z: -0, w: 1}
  m_LocalPosition: {x: 10.007812, y: 1.4784547, z: 1.3977519}
  m_LocalScale: {x: 1, y: 1, z: 1}
  m_Children:
  - {fileID: 6888239819182223943}
  m_Father: {fileID: 1014557365591169224}
  m_RootOrder: 4
  m_LocalEulerAnglesHint: {x: 0, y: 0, z: 0}
--- !u!1 &5692290154417568977
GameObject:
  m_ObjectHideFlags: 0
  m_CorrespondingSourceObject: {fileID: 0}
  m_PrefabInstance: {fileID: 0}
  m_PrefabAsset: {fileID: 0}
  serializedVersion: 6
  m_Component:
  - component: {fileID: 9181144021254008191}
  m_Layer: 0
  m_Name: joint10
  m_TagString: Untagged
  m_Icon: {fileID: 0}
  m_NavMeshLayer: 0
  m_StaticEditorFlags: 0
  m_IsActive: 1
--- !u!4 &9181144021254008191
Transform:
  m_ObjectHideFlags: 0
  m_CorrespondingSourceObject: {fileID: 0}
  m_PrefabInstance: {fileID: 0}
  m_PrefabAsset: {fileID: 0}
  m_GameObject: {fileID: 5692290154417568977}
  m_LocalRotation: {x: 2.468522e-32, y: -0.05193835, z: -5.4628805e-15, w: 0.9986503}
  m_LocalPosition: {x: -2.7172565, y: -3.5089853, z: -4.784193e-14}
  m_LocalScale: {x: 1, y: 1, z: 1}
  m_Children: []
  m_Father: {fileID: 3958800747274387131}
  m_RootOrder: 0
  m_LocalEulerAnglesHint: {x: 0, y: 0, z: 0}
--- !u!1 &5889275110296425269
GameObject:
  m_ObjectHideFlags: 0
  m_CorrespondingSourceObject: {fileID: 0}
  m_PrefabInstance: {fileID: 0}
  m_PrefabAsset: {fileID: 0}
  serializedVersion: 6
  m_Component:
  - component: {fileID: 2728329219540808582}
  m_Layer: 0
  m_Name: joint4
  m_TagString: Untagged
  m_Icon: {fileID: 0}
  m_NavMeshLayer: 0
  m_StaticEditorFlags: 0
  m_IsActive: 1
--- !u!4 &2728329219540808582
Transform:
  m_ObjectHideFlags: 0
  m_CorrespondingSourceObject: {fileID: 0}
  m_PrefabInstance: {fileID: 0}
  m_PrefabAsset: {fileID: 0}
  m_GameObject: {fileID: 5889275110296425269}
  m_LocalRotation: {x: -3.7615824e-37, y: -0.00058788917, z: -4.782599e-18, w: 0.9999998}
  m_LocalPosition: {x: -3.7188463, y: -3.759379, z: 2.4699067e-14}
  m_LocalScale: {x: 1, y: 1, z: 1}
  m_Children: []
  m_Father: {fileID: 374971848553997046}
  m_RootOrder: 0
  m_LocalEulerAnglesHint: {x: 0, y: 0, z: 0}
--- !u!1 &6094755575971026731
GameObject:
  m_ObjectHideFlags: 0
  m_CorrespondingSourceObject: {fileID: 0}
  m_PrefabInstance: {fileID: 0}
  m_PrefabAsset: {fileID: 0}
  serializedVersion: 6
  m_Component:
  - component: {fileID: 1031046224187480710}
  m_Layer: 0
  m_Name: joint7
  m_TagString: Untagged
  m_Icon: {fileID: 0}
  m_NavMeshLayer: 0
  m_StaticEditorFlags: 0
  m_IsActive: 1
--- !u!4 &1031046224187480710
Transform:
  m_ObjectHideFlags: 0
  m_CorrespondingSourceObject: {fileID: 0}
  m_PrefabInstance: {fileID: 0}
  m_PrefabAsset: {fileID: 0}
  m_GameObject: {fileID: 6094755575971026731}
  m_LocalRotation: {x: 9.902848e-32, y: -0.09209655, z: -3.4887904e-15, w: 0.99575007}
  m_LocalPosition: {x: -3.9856315, y: -4.2669477, z: -2.6226747e-14}
  m_LocalScale: {x: 1, y: 1, z: 1}
  m_Children: []
  m_Father: {fileID: 3402975092474612622}
  m_RootOrder: 0
  m_LocalEulerAnglesHint: {x: 0, y: 0, z: 0}
--- !u!1 &6127777301849303681
GameObject:
  m_ObjectHideFlags: 0
  m_CorrespondingSourceObject: {fileID: 0}
  m_PrefabInstance: {fileID: 0}
  m_PrefabAsset: {fileID: 0}
  serializedVersion: 6
  m_Component:
  - component: {fileID: 9205087546745964938}
  m_Layer: 0
  m_Name: GD56_Raul_AMS_A1:head_nubbin
  m_TagString: Untagged
  m_Icon: {fileID: 0}
  m_NavMeshLayer: 0
  m_StaticEditorFlags: 0
  m_IsActive: 1
--- !u!4 &9205087546745964938
Transform:
  m_ObjectHideFlags: 0
  m_CorrespondingSourceObject: {fileID: 0}
  m_PrefabInstance: {fileID: 0}
  m_PrefabAsset: {fileID: 0}
  m_GameObject: {fileID: 6127777301849303681}
  m_LocalRotation: {x: 0, y: 0, z: 0.10261875, w: 0.99472076}
  m_LocalPosition: {x: -18.5702, y: 2.172701, z: -1.474258e-14}
  m_LocalScale: {x: 1, y: 1, z: 1}
  m_Children: []
  m_Father: {fileID: 2805468479202528768}
  m_RootOrder: 0
  m_LocalEulerAnglesHint: {x: 0, y: 0, z: 0}
--- !u!1 &6242765882210981953
GameObject:
  m_ObjectHideFlags: 0
  m_CorrespondingSourceObject: {fileID: 0}
  m_PrefabInstance: {fileID: 0}
  m_PrefabAsset: {fileID: 0}
  serializedVersion: 6
  m_Component:
  - component: {fileID: 6385173902396585734}
  m_Layer: 0
  m_Name: joint2
  m_TagString: Untagged
  m_Icon: {fileID: 0}
  m_NavMeshLayer: 0
  m_StaticEditorFlags: 0
  m_IsActive: 1
--- !u!4 &6385173902396585734
Transform:
  m_ObjectHideFlags: 0
  m_CorrespondingSourceObject: {fileID: 0}
  m_PrefabInstance: {fileID: 0}
  m_PrefabAsset: {fileID: 0}
  m_GameObject: {fileID: 6242765882210981953}
  m_LocalRotation: {x: 0, y: -0, z: -0, w: 1}
  m_LocalPosition: {x: -8.371309, y: 0.0464237, z: 5.6182265}
  m_LocalScale: {x: 1, y: 1, z: 1}
  m_Children:
  - {fileID: 374971848553997046}
  m_Father: {fileID: 2151041816362296633}
  m_RootOrder: 1
  m_LocalEulerAnglesHint: {x: 0, y: 0, z: 0}
--- !u!1 &6474363312848904780
GameObject:
  m_ObjectHideFlags: 0
  m_CorrespondingSourceObject: {fileID: 0}
  m_PrefabInstance: {fileID: 0}
  m_PrefabAsset: {fileID: 0}
  serializedVersion: 6
  m_Component:
  - component: {fileID: 4372130418646371442}
  m_Layer: 0
  m_Name: GD56_Raul_AMS_A1:l_shoulder
  m_TagString: Untagged
  m_Icon: {fileID: 0}
  m_NavMeshLayer: 0
  m_StaticEditorFlags: 0
  m_IsActive: 1
--- !u!4 &4372130418646371442
Transform:
  m_ObjectHideFlags: 0
  m_CorrespondingSourceObject: {fileID: 0}
  m_PrefabInstance: {fileID: 0}
  m_PrefabAsset: {fileID: 0}
  m_GameObject: {fileID: 6474363312848904780}
  m_LocalRotation: {x: -0.0008322281, y: -0.032919228, z: 0.052517615, w: 0.9980769}
  m_LocalPosition: {x: -7.7898235, y: -5.244143, z: 2.1944435}
  m_LocalScale: {x: 1, y: 1, z: 1}
  m_Children:
  - {fileID: 6725889582806979544}
  m_Father: {fileID: 5566647581090842429}
  m_RootOrder: 0
  m_LocalEulerAnglesHint: {x: 0, y: 0, z: 0}
--- !u!1 &7150577439799441977
GameObject:
  m_ObjectHideFlags: 0
  m_CorrespondingSourceObject: {fileID: 0}
  m_PrefabInstance: {fileID: 0}
  m_PrefabAsset: {fileID: 0}
  serializedVersion: 6
  m_Component:
  - component: {fileID: 944601978508712414}
  - component: {fileID: 4383883931183342448}
  m_Layer: 0
  m_Name: polySurface4
  m_TagString: Untagged
  m_Icon: {fileID: 0}
  m_NavMeshLayer: 0
  m_StaticEditorFlags: 0
  m_IsActive: 1
--- !u!4 &944601978508712414
Transform:
  m_ObjectHideFlags: 0
  m_CorrespondingSourceObject: {fileID: 0}
  m_PrefabInstance: {fileID: 0}
  m_PrefabAsset: {fileID: 0}
  m_GameObject: {fileID: 7150577439799441977}
  m_LocalRotation: {x: 0, y: -0, z: -0, w: 1}
  m_LocalPosition: {x: -0, y: 0, z: 0}
  m_LocalScale: {x: 1, y: 1, z: 1}
  m_Children: []
  m_Father: {fileID: 4717003809227738295}
  m_RootOrder: 1
  m_LocalEulerAnglesHint: {x: 0, y: 0, z: 0}
--- !u!137 &4383883931183342448
SkinnedMeshRenderer:
  m_ObjectHideFlags: 0
  m_CorrespondingSourceObject: {fileID: 0}
  m_PrefabInstance: {fileID: 0}
  m_PrefabAsset: {fileID: 0}
  m_GameObject: {fileID: 7150577439799441977}
  m_Enabled: 1
  m_CastShadows: 1
  m_ReceiveShadows: 1
  m_DynamicOccludee: 1
  m_MotionVectors: 1
  m_LightProbeUsage: 1
  m_ReflectionProbeUsage: 1
  m_RenderingLayerMask: 1
  m_RendererPriority: 0
  m_Materials:
  - {fileID: 2100000, guid: beae3e4bb3bc5254e90223fb0b4d32c3, type: 2}
  - {fileID: 2100000, guid: c16bc613b6b35684dbf51a6247e25242, type: 2}
  m_StaticBatchInfo:
    firstSubMesh: 0
    subMeshCount: 0
  m_StaticBatchRoot: {fileID: 0}
  m_ProbeAnchor: {fileID: 0}
  m_LightProbeVolumeOverride: {fileID: 0}
  m_ScaleInLightmap: 1
  m_ReceiveGI: 1
  m_PreserveUVs: 0
  m_IgnoreNormalsForChartDetection: 0
  m_ImportantGI: 0
  m_StitchLightmapSeams: 1
  m_SelectedEditorRenderState: 3
  m_MinimumChartSize: 4
  m_AutoUVMaxDistance: 0.5
  m_AutoUVMaxAngle: 89
  m_LightmapParameters: {fileID: 0}
  m_SortingLayerID: 0
  m_SortingLayer: 0
  m_SortingOrder: 0
  serializedVersion: 2
  m_Quality: 0
  m_UpdateWhenOffscreen: 0
  m_SkinnedMotionVectors: 1
  m_Mesh: {fileID: 2381890483179193753, guid: f4ac39aab6485eb4ebd397a94f8a03de, type: 3}
  m_Bones:
  - {fileID: 4309419444865071599}
  - {fileID: 923817022907425566}
  - {fileID: 408293550534673072}
  - {fileID: 1380112378631754038}
  - {fileID: 2805468479202528768}
  - {fileID: 9205087546745964938}
  - {fileID: 5566647581090842429}
  - {fileID: 4372130418646371442}
  - {fileID: 6725889582806979544}
  - {fileID: 2151041816362296633}
  - {fileID: 8926519404610779842}
  - {fileID: 9164151581509961413}
  - {fileID: 6393555431250832481}
  - {fileID: 6385173902396585734}
  - {fileID: 374971848553997046}
  - {fileID: 2728329219540808582}
  - {fileID: 8188382933544152256}
  - {fileID: 3402975092474612622}
  - {fileID: 1031046224187480710}
  - {fileID: 6783035115567043417}
  - {fileID: 3958800747274387131}
  - {fileID: 9181144021254008191}
  - {fileID: 1714801446692042547}
  - {fileID: 6615441418778451705}
  - {fileID: 1443488220522618831}
  - {fileID: 2973942389234872431}
  - {fileID: 3461779921854878708}
  - {fileID: 1025723351186962748}
  - {fileID: 1014557365591169224}
  - {fileID: 1142033922621842854}
  - {fileID: 5921484774184433635}
  - {fileID: 7816537435118588661}
  - {fileID: 2697662276423253402}
  - {fileID: 5601073264539863176}
  - {fileID: 4090025283531092641}
  - {fileID: 8782278888684317629}
  - {fileID: 1670858471510410576}
  - {fileID: 8504250327810102547}
  - {fileID: 7282537043294115573}
  - {fileID: 5789958689489247018}
  - {fileID: 8934974677363875028}
  - {fileID: 4283846105180702001}
  - {fileID: 6888239819182223943}
  - {fileID: 1036608608441274101}
  - {fileID: 7372551633905929808}
  - {fileID: 7217581919129167735}
  - {fileID: 6440912649276889309}
  - {fileID: 1318584880138909652}
  - {fileID: 3841308981538814383}
  - {fileID: 2340482415196409790}
  - {fileID: 7306123540867716994}
  - {fileID: 4332143501439974436}
  - {fileID: 5629478554331331610}
  - {fileID: 5620308136310252995}
  m_BlendShapeWeights: []
  m_RootBone: {fileID: 4309419444865071599}
  m_AABB:
    m_Center: {x: 19.977905, y: -2.3428516, z: 0.26153946}
    m_Extent: {x: 86.33646, y: 42.286255, z: 69.66545}
  m_DirtyAABB: 0
--- !u!1 &7174278808797098911
GameObject:
  m_ObjectHideFlags: 0
  m_CorrespondingSourceObject: {fileID: 0}
  m_PrefabInstance: {fileID: 0}
  m_PrefabAsset: {fileID: 0}
  serializedVersion: 6
  m_Component:
  - component: {fileID: 4090025283531092641}
  m_Layer: 0
  m_Name: joint4 1
  m_TagString: Untagged
  m_Icon: {fileID: 0}
  m_NavMeshLayer: 0
  m_StaticEditorFlags: 0
  m_IsActive: 1
--- !u!4 &4090025283531092641
Transform:
  m_ObjectHideFlags: 0
  m_CorrespondingSourceObject: {fileID: 0}
  m_PrefabInstance: {fileID: 0}
  m_PrefabAsset: {fileID: 0}
  m_GameObject: {fileID: 7174278808797098911}
  m_LocalRotation: {x: 9.403956e-38, y: -0.00058788917, z: 2.210216e-18, w: 0.9999998}
  m_LocalPosition: {x: 3.7188678, y: 3.759, z: 0.000032566095}
  m_LocalScale: {x: 1, y: 1, z: 1}
  m_Children: []
  m_Father: {fileID: 5601073264539863176}
  m_RootOrder: 0
  m_LocalEulerAnglesHint: {x: 0, y: 0, z: 0}
--- !u!1 &7233506516456224292
GameObject:
  m_ObjectHideFlags: 0
  m_CorrespondingSourceObject: {fileID: 0}
  m_PrefabInstance: {fileID: 0}
  m_PrefabAsset: {fileID: 0}
  serializedVersion: 6
  m_Component:
  - component: {fileID: 5620308136310252995}
  m_Layer: 0
  m_Name: GD56_Raul_AMS_A1:l_toe 1
  m_TagString: Untagged
  m_Icon: {fileID: 0}
  m_NavMeshLayer: 0
  m_StaticEditorFlags: 0
  m_IsActive: 1
--- !u!4 &5620308136310252995
Transform:
  m_ObjectHideFlags: 0
  m_CorrespondingSourceObject: {fileID: 0}
  m_PrefabInstance: {fileID: 0}
  m_PrefabAsset: {fileID: 0}
  m_GameObject: {fileID: 7233506516456224292}
  m_LocalRotation: {x: 0, y: 0, z: 0.0002571794, w: 1}
  m_LocalPosition: {x: 12.71276, y: -0.9281748, z: -7.0205026}
  m_LocalScale: {x: 1, y: 1, z: 1}
  m_Children: []
  m_Father: {fileID: 5629478554331331610}
  m_RootOrder: 0
  m_LocalEulerAnglesHint: {x: 0, y: 0, z: 0}
--- !u!1 &7270282427832769393
GameObject:
  m_ObjectHideFlags: 0
  m_CorrespondingSourceObject: {fileID: 0}
  m_PrefabInstance: {fileID: 0}
  m_PrefabAsset: {fileID: 0}
  serializedVersion: 6
  m_Component:
  - component: {fileID: 5442054263741591456}
  m_Layer: 0
  m_Name: Gabardina:Group33846
  m_TagString: Untagged
  m_Icon: {fileID: 0}
  m_NavMeshLayer: 0
  m_StaticEditorFlags: 0
  m_IsActive: 1
--- !u!4 &5442054263741591456
Transform:
  m_ObjectHideFlags: 0
  m_CorrespondingSourceObject: {fileID: 0}
  m_PrefabInstance: {fileID: 0}
  m_PrefabAsset: {fileID: 0}
  m_GameObject: {fileID: 7270282427832769393}
  m_LocalRotation: {x: 0, y: -0, z: -0, w: 1}
  m_LocalPosition: {x: -0, y: 0.77957827, z: -0.018855963}
  m_LocalScale: {x: 0.01, y: 0.01, z: 0.01}
  m_Children:
  - {fileID: 2541853381216168996}
  - {fileID: 4717003809227738295}
  m_Father: {fileID: 8452571623851278708}
  m_RootOrder: 0
  m_LocalEulerAnglesHint: {x: 0, y: 0, z: 0}
--- !u!1 &7427970989314046076
GameObject:
  m_ObjectHideFlags: 0
  m_CorrespondingSourceObject: {fileID: 0}
  m_PrefabInstance: {fileID: 0}
  m_PrefabAsset: {fileID: 0}
  serializedVersion: 6
  m_Component:
  - component: {fileID: 374971848553997046}
  m_Layer: 0
  m_Name: joint3
  m_TagString: Untagged
  m_Icon: {fileID: 0}
  m_NavMeshLayer: 0
  m_StaticEditorFlags: 0
  m_IsActive: 1
--- !u!4 &374971848553997046
Transform:
  m_ObjectHideFlags: 0
  m_CorrespondingSourceObject: {fileID: 0}
  m_PrefabInstance: {fileID: 0}
  m_PrefabAsset: {fileID: 0}
  m_GameObject: {fileID: 7427970989314046076}
  m_LocalRotation: {x: 0.0066577033, y: 0.19535567, z: -0.005265033, w: 0.9806957}
  m_LocalPosition: {x: -3.6374593, y: -2.9053843, z: 1.7205777}
  m_LocalScale: {x: 1, y: 1, z: 1}
  m_Children:
  - {fileID: 2728329219540808582}
  m_Father: {fileID: 6385173902396585734}
  m_RootOrder: 0
  m_LocalEulerAnglesHint: {x: 0, y: 0, z: 0}
--- !u!1 &7506851373637197672
GameObject:
  m_ObjectHideFlags: 0
  m_CorrespondingSourceObject: {fileID: 0}
  m_PrefabInstance: {fileID: 0}
  m_PrefabAsset: {fileID: 0}
  serializedVersion: 6
  m_Component:
  - component: {fileID: 3841308981538814383}
  m_Layer: 0
  m_Name: GD56_Raul_AMS_A1:l_toe
  m_TagString: Untagged
  m_Icon: {fileID: 0}
  m_NavMeshLayer: 0
  m_StaticEditorFlags: 0
  m_IsActive: 1
--- !u!4 &3841308981538814383
Transform:
  m_ObjectHideFlags: 0
  m_CorrespondingSourceObject: {fileID: 0}
  m_PrefabInstance: {fileID: 0}
  m_PrefabAsset: {fileID: 0}
  m_GameObject: {fileID: 7506851373637197672}
  m_LocalRotation: {x: 0, y: 0, z: 0.0002571794, w: 1}
  m_LocalPosition: {x: -12.712713, y: 0.92816204, z: 7.020477}
  m_LocalScale: {x: 1, y: 1, z: 1}
  m_Children: []
  m_Father: {fileID: 1318584880138909652}
  m_RootOrder: 0
  m_LocalEulerAnglesHint: {x: 0, y: 0, z: 0}
--- !u!1 &7665261674714103951
GameObject:
  m_ObjectHideFlags: 0
  m_CorrespondingSourceObject: {fileID: 0}
  m_PrefabInstance: {fileID: 0}
  m_PrefabAsset: {fileID: 0}
  serializedVersion: 6
  m_Component:
  - component: {fileID: 5629478554331331610}
  m_Layer: 0
  m_Name: GD56_Raul_AMS_A1:l_ball 1
  m_TagString: Untagged
  m_Icon: {fileID: 0}
  m_NavMeshLayer: 0
  m_StaticEditorFlags: 0
  m_IsActive: 1
--- !u!4 &5629478554331331610
Transform:
  m_ObjectHideFlags: 0
  m_CorrespondingSourceObject: {fileID: 0}
  m_PrefabInstance: {fileID: 0}
  m_PrefabAsset: {fileID: 0}
  m_GameObject: {fileID: 7665261674714103951}
  m_LocalRotation: {x: -0.68678737, y: 0.1682541, z: -0.16147622, w: 0.68843246}
  m_LocalPosition: {x: 11.136667, y: -2.16729, z: 2.0711906}
  m_LocalScale: {x: 1, y: 1, z: 1}
  m_Children:
  - {fileID: 5620308136310252995}
  m_Father: {fileID: 4332143501439974436}
  m_RootOrder: 0
  m_LocalEulerAnglesHint: {x: 0, y: 0, z: 0}
--- !u!1 &7747123050930412990
GameObject:
  m_ObjectHideFlags: 0
  m_CorrespondingSourceObject: {fileID: 0}
  m_PrefabInstance: {fileID: 0}
  m_PrefabAsset: {fileID: 0}
  serializedVersion: 6
  m_Component:
  - component: {fileID: 923817022907425566}
  m_Layer: 0
  m_Name: GD56_Raul_AMS_A1:back_lower
  m_TagString: Untagged
  m_Icon: {fileID: 0}
  m_NavMeshLayer: 0
  m_StaticEditorFlags: 0
  m_IsActive: 1
--- !u!4 &923817022907425566
Transform:
  m_ObjectHideFlags: 0
  m_CorrespondingSourceObject: {fileID: 0}
  m_PrefabInstance: {fileID: 0}
  m_PrefabAsset: {fileID: 0}
  m_GameObject: {fileID: 7747123050930412990}
  m_LocalRotation: {x: 0.9824961, y: -0.18628351, z: 1.1406575e-17, w: -6.0160535e-17}
  m_LocalPosition: {x: -9.403526, y: -0.2738574, z: -3.8219355e-15}
  m_LocalScale: {x: 1, y: 1, z: 1}
  m_Children:
  - {fileID: 408293550534673072}
  m_Father: {fileID: 4309419444865071599}
  m_RootOrder: 0
  m_LocalEulerAnglesHint: {x: 0, y: 0, z: 0}
--- !u!1 &8101834895197274999
GameObject:
  m_ObjectHideFlags: 0
  m_CorrespondingSourceObject: {fileID: 0}
  m_PrefabInstance: {fileID: 0}
  m_PrefabAsset: {fileID: 0}
  serializedVersion: 6
  m_Component:
  - component: {fileID: 2340482415196409790}
  m_Layer: 0
  m_Name: GD56_Raul_AMS_A1:l_hip1
  m_TagString: Untagged
  m_Icon: {fileID: 0}
  m_NavMeshLayer: 0
  m_StaticEditorFlags: 0
  m_IsActive: 1
--- !u!4 &2340482415196409790
Transform:
  m_ObjectHideFlags: 0
  m_CorrespondingSourceObject: {fileID: 0}
  m_PrefabInstance: {fileID: 0}
  m_PrefabAsset: {fileID: 0}
  m_GameObject: {fileID: 8101834895197274999}
  m_LocalRotation: {x: 0.939696, y: 0.3045966, z: 0.04647999, w: -0.14843147}
  m_LocalPosition: {x: 9.909426, y: 0.7875384, z: 8.371129}
  m_LocalScale: {x: 1, y: 1, z: 1}
  m_Children:
  - {fileID: 7306123540867716994}
  m_Father: {fileID: 4309419444865071599}
  m_RootOrder: 2
  m_LocalEulerAnglesHint: {x: 0, y: 0, z: 0}
--- !u!1 &8113939476785159689
GameObject:
  m_ObjectHideFlags: 0
  m_CorrespondingSourceObject: {fileID: 0}
  m_PrefabInstance: {fileID: 0}
  m_PrefabAsset: {fileID: 0}
  serializedVersion: 6
  m_Component:
  - component: {fileID: 6783035115567043417}
  m_Layer: 0
  m_Name: joint8
  m_TagString: Untagged
  m_Icon: {fileID: 0}
  m_NavMeshLayer: 0
  m_StaticEditorFlags: 0
  m_IsActive: 1
--- !u!4 &6783035115567043417
Transform:
  m_ObjectHideFlags: 0
  m_CorrespondingSourceObject: {fileID: 0}
  m_PrefabInstance: {fileID: 0}
  m_PrefabAsset: {fileID: 0}
  m_GameObject: {fileID: 8113939476785159689}
  m_LocalRotation: {x: 0, y: -0, z: -0, w: 1}
  m_LocalPosition: {x: -10.427119, y: -0.2577029, z: 1.1251131}
  m_LocalScale: {x: 1, y: 1, z: 1}
  m_Children:
  - {fileID: 3958800747274387131}
  m_Father: {fileID: 2151041816362296633}
  m_RootOrder: 3
  m_LocalEulerAnglesHint: {x: 0, y: 0, z: 0}
--- !u!1 &8123890830692373406
GameObject:
  m_ObjectHideFlags: 0
  m_CorrespondingSourceObject: {fileID: 0}
  m_PrefabInstance: {fileID: 0}
  m_PrefabAsset: {fileID: 0}
  serializedVersion: 6
  m_Component:
  - component: {fileID: 3461779921854878708}
  m_Layer: 0
  m_Name: GD56_Raul_AMS_A1:l_shoulder 1
  m_TagString: Untagged
  m_Icon: {fileID: 0}
  m_NavMeshLayer: 0
  m_StaticEditorFlags: 0
  m_IsActive: 1
--- !u!4 &3461779921854878708
Transform:
  m_ObjectHideFlags: 0
  m_CorrespondingSourceObject: {fileID: 0}
  m_PrefabInstance: {fileID: 0}
  m_PrefabAsset: {fileID: 0}
  m_GameObject: {fileID: 8123890830692373406}
  m_LocalRotation: {x: -0.0008322281, y: -0.032919228, z: 0.052517615, w: 0.9980769}
  m_LocalPosition: {x: 7.789824, y: 5.244291, z: -2.194444}
  m_LocalScale: {x: 1, y: 1, z: 1}
  m_Children:
  - {fileID: 1025723351186962748}
  m_Father: {fileID: 2973942389234872431}
  m_RootOrder: 0
  m_LocalEulerAnglesHint: {x: 0, y: 0, z: 0}
--- !u!1 &8287797554996373887
GameObject:
  m_ObjectHideFlags: 0
  m_CorrespondingSourceObject: {fileID: 0}
  m_PrefabInstance: {fileID: 0}
  m_PrefabAsset: {fileID: 0}
  serializedVersion: 6
  m_Component:
  - component: {fileID: 4332143501439974436}
  m_Layer: 0
  m_Name: GD56_Raul_AMS_A1:l_ankle 1
  m_TagString: Untagged
  m_Icon: {fileID: 0}
  m_NavMeshLayer: 0
  m_StaticEditorFlags: 0
  m_IsActive: 1
--- !u!4 &4332143501439974436
Transform:
  m_ObjectHideFlags: 0
  m_CorrespondingSourceObject: {fileID: 0}
  m_PrefabInstance: {fileID: 0}
  m_PrefabAsset: {fileID: 0}
  m_GameObject: {fileID: 8287797554996373887}
  m_LocalRotation: {x: -0.16597106, y: -0.011235251, z: -0.17509642, w: 0.97039616}
  m_LocalPosition: {x: 40.406734, y: 17.640903, z: -2.1155033}
  m_LocalScale: {x: 1, y: 1, z: 1}
  m_Children:
  - {fileID: 5629478554331331610}
  m_Father: {fileID: 7306123540867716994}
  m_RootOrder: 0
  m_LocalEulerAnglesHint: {x: 0, y: 0, z: 0}
--- !u!1 &8360862727267907850
GameObject:
  m_ObjectHideFlags: 0
  m_CorrespondingSourceObject: {fileID: 0}
  m_PrefabInstance: {fileID: 0}
  m_PrefabAsset: {fileID: 0}
  serializedVersion: 6
  m_Component:
  - component: {fileID: 1025723351186962748}
  m_Layer: 0
  m_Name: GD56_Raul_AMS_A1:l_elbow 1
  m_TagString: Untagged
  m_Icon: {fileID: 0}
  m_NavMeshLayer: 0
  m_StaticEditorFlags: 0
  m_IsActive: 1
--- !u!4 &1025723351186962748
Transform:
  m_ObjectHideFlags: 0
  m_CorrespondingSourceObject: {fileID: 0}
  m_PrefabInstance: {fileID: 0}
  m_PrefabAsset: {fileID: 0}
  m_GameObject: {fileID: 8360862727267907850}
  m_LocalRotation: {x: 0.0023954497, y: 0.000058085592, z: 0.0030230556, w: 0.9999926}
  m_LocalPosition: {x: 17.34377, y: 4.28574, z: -3.168398}
  m_LocalScale: {x: 1, y: 1, z: 1}
  m_Children:
  - {fileID: 1014557365591169224}
  m_Father: {fileID: 3461779921854878708}
  m_RootOrder: 0
  m_LocalEulerAnglesHint: {x: 0, y: 0, z: 0}
--- !u!1 &8542010604081313274
GameObject:
  m_ObjectHideFlags: 0
  m_CorrespondingSourceObject: {fileID: 0}
  m_PrefabInstance: {fileID: 0}
  m_PrefabAsset: {fileID: 0}
  serializedVersion: 6
  m_Component:
  - component: {fileID: 8782278888684317629}
  m_Layer: 0
  m_Name: joint5 1
  m_TagString: Untagged
  m_Icon: {fileID: 0}
  m_NavMeshLayer: 0
  m_StaticEditorFlags: 0
  m_IsActive: 1
--- !u!4 &8782278888684317629
Transform:
  m_ObjectHideFlags: 0
  m_CorrespondingSourceObject: {fileID: 0}
  m_PrefabInstance: {fileID: 0}
  m_PrefabAsset: {fileID: 0}
  m_GameObject: {fileID: 8542010604081313274}
  m_LocalRotation: {x: 0, y: -0, z: -0, w: 1}
  m_LocalPosition: {x: 9.219735, y: -0.08407223, z: -3.1935356}
  m_LocalScale: {x: 1, y: 1, z: 1}
  m_Children:
  - {fileID: 1670858471510410576}
  m_Father: {fileID: 1014557365591169224}
  m_RootOrder: 2
  m_LocalEulerAnglesHint: {x: 0, y: 0, z: 0}
--- !u!1 &8582302040148368887
GameObject:
  m_ObjectHideFlags: 0
  m_CorrespondingSourceObject: {fileID: 0}
  m_PrefabInstance: {fileID: 0}
  m_PrefabAsset: {fileID: 0}
  serializedVersion: 6
  m_Component:
  - component: {fileID: 6888239819182223943}
  m_Layer: 0
  m_Name: joint12 1
  m_TagString: Untagged
  m_Icon: {fileID: 0}
  m_NavMeshLayer: 0
  m_StaticEditorFlags: 0
  m_IsActive: 1
--- !u!4 &6888239819182223943
Transform:
  m_ObjectHideFlags: 0
  m_CorrespondingSourceObject: {fileID: 0}
  m_PrefabInstance: {fileID: 0}
  m_PrefabAsset: {fileID: 0}
  m_GameObject: {fileID: 8582302040148368887}
  m_LocalRotation: {x: 0.006940986, y: 0.24974763, z: -0.0048855203, w: 0.96827376}
  m_LocalPosition: {x: 3.111121, y: 1.5630435, z: -0.54892945}
  m_LocalScale: {x: 1, y: 1, z: 1}
  m_Children:
  - {fileID: 1036608608441274101}
  m_Father: {fileID: 4283846105180702001}
  m_RootOrder: 0
  m_LocalEulerAnglesHint: {x: 0, y: 0, z: 0}
--- !u!1 &8963253895259337413
GameObject:
  m_ObjectHideFlags: 0
  m_CorrespondingSourceObject: {fileID: 0}
  m_PrefabInstance: {fileID: 0}
  m_PrefabAsset: {fileID: 0}
  serializedVersion: 6
  m_Component:
  - component: {fileID: 1714801446692042547}
  m_Layer: 0
  m_Name: joint11
  m_TagString: Untagged
  m_Icon: {fileID: 0}
  m_NavMeshLayer: 0
  m_StaticEditorFlags: 0
  m_IsActive: 1
--- !u!4 &1714801446692042547
Transform:
  m_ObjectHideFlags: 0
  m_CorrespondingSourceObject: {fileID: 0}
  m_PrefabInstance: {fileID: 0}
  m_PrefabAsset: {fileID: 0}
  m_GameObject: {fileID: 8963253895259337413}
  m_LocalRotation: {x: 0, y: -0, z: -0, w: 1}
  m_LocalPosition: {x: -10.007834, y: -1.4782817, z: -1.3977686}
  m_LocalScale: {x: 1, y: 1, z: 1}
  m_Children:
  - {fileID: 6615441418778451705}
  m_Father: {fileID: 2151041816362296633}
  m_RootOrder: 4
  m_LocalEulerAnglesHint: {x: 0, y: 0, z: 0}
