%YAML 1.1
%TAG !u! tag:unity3d.com,2011:
--- !u!1 &206324807099838350
GameObject:
  m_ObjectHideFlags: 0
  m_CorrespondingSourceObject: {fileID: 0}
  m_PrefabInstance: {fileID: 0}
  m_PrefabAsset: {fileID: 0}
  serializedVersion: 6
  m_Component:
  - component: {fileID: 6171262842105156757}
  m_Layer: 0
  m_Name: joint7 1
  m_TagString: Untagged
  m_Icon: {fileID: 0}
  m_NavMeshLayer: 0
  m_StaticEditorFlags: 0
  m_IsActive: 1
--- !u!4 &6171262842105156757
Transform:
  m_ObjectHideFlags: 0
  m_CorrespondingSourceObject: {fileID: 0}
  m_PrefabInstance: {fileID: 0}
  m_PrefabAsset: {fileID: 0}
  m_GameObject: {fileID: 206324807099838350}
  m_LocalRotation: {x: -1.237856e-32, y: -0.09209655, z: -7.1626445e-16, w: 0.99575007}
  m_LocalPosition: {x: 3.985618, y: 4.267, z: -0.00008937125}
  m_LocalScale: {x: 1, y: 1, z: 1}
  m_Children: []
  m_Father: {fileID: 3787954632936162518}
  m_RootOrder: 0
  m_LocalEulerAnglesHint: {x: 0, y: 0, z: 0}
--- !u!1 &762244426001907057
GameObject:
  m_ObjectHideFlags: 0
  m_CorrespondingSourceObject: {fileID: 0}
  m_PrefabInstance: {fileID: 0}
  m_PrefabAsset: {fileID: 0}
  serializedVersion: 6
  m_Component:
  - component: {fileID: 5753483918932792179}
  m_Layer: 0
  m_Name: joint14 1
  m_TagString: Untagged
  m_Icon: {fileID: 0}
  m_NavMeshLayer: 0
  m_StaticEditorFlags: 0
  m_IsActive: 1
--- !u!4 &5753483918932792179
Transform:
  m_ObjectHideFlags: 0
  m_CorrespondingSourceObject: {fileID: 0}
  m_PrefabInstance: {fileID: 0}
  m_PrefabAsset: {fileID: 0}
  m_GameObject: {fileID: 762244426001907057}
  m_LocalRotation: {x: 0.0000000074501036, y: -0.011314717, z: 8.430112e-11, w: 0.999936}
  m_LocalPosition: {x: 3.6351144, y: 2.305, z: -0.07890302}
  m_LocalScale: {x: 1, y: 1, z: 1}
  m_Children: []
  m_Father: {fileID: 8182133706841241189}
  m_RootOrder: 0
  m_LocalEulerAnglesHint: {x: 0, y: 0, z: 0}
--- !u!1 &801253954511042330
GameObject:
  m_ObjectHideFlags: 0
  m_CorrespondingSourceObject: {fileID: 0}
  m_PrefabInstance: {fileID: 0}
  m_PrefabAsset: {fileID: 0}
  serializedVersion: 6
  m_Component:
  - component: {fileID: 7122365566573022513}
  m_Layer: 0
  m_Name: polySurface2
  m_TagString: Untagged
  m_Icon: {fileID: 0}
  m_NavMeshLayer: 0
  m_StaticEditorFlags: 0
  m_IsActive: 1
--- !u!4 &7122365566573022513
Transform:
  m_ObjectHideFlags: 0
  m_CorrespondingSourceObject: {fileID: 0}
  m_PrefabInstance: {fileID: 0}
  m_PrefabAsset: {fileID: 0}
  m_GameObject: {fileID: 801253954511042330}
  m_LocalRotation: {x: 0, y: -0, z: -0, w: 1}
  m_LocalPosition: {x: -0, y: -77.957825, z: 1.8855963}
  m_LocalScale: {x: 1, y: 1, z: 1}
  m_Children:
  - {fileID: 1292866862599485222}
  - {fileID: 3367133656819996760}
  m_Father: {fileID: 7505142964836347430}
  m_RootOrder: 1
  m_LocalEulerAnglesHint: {x: 0, y: 0, z: 0}
--- !u!1 &877148952215248559
GameObject:
  m_ObjectHideFlags: 0
  m_CorrespondingSourceObject: {fileID: 0}
  m_PrefabInstance: {fileID: 0}
  m_PrefabAsset: {fileID: 0}
  serializedVersion: 6
  m_Component:
  - component: {fileID: 1536268467634126653}
  m_Layer: 0
  m_Name: joint9
  m_TagString: Untagged
  m_Icon: {fileID: 0}
  m_NavMeshLayer: 0
  m_StaticEditorFlags: 0
  m_IsActive: 1
--- !u!4 &1536268467634126653
Transform:
  m_ObjectHideFlags: 0
  m_CorrespondingSourceObject: {fileID: 0}
  m_PrefabInstance: {fileID: 0}
  m_PrefabAsset: {fileID: 0}
  m_GameObject: {fileID: 877148952215248559}
  m_LocalRotation: {x: 0.0071380245, y: 0.289772, z: -0.004592841, w: 0.9570581}
  m_LocalPosition: {x: -4.043099, y: -2.8858373, z: 0.8065224}
  m_LocalScale: {x: 1, y: 1, z: 1}
  m_Children:
  - {fileID: 6685709721605500153}
  m_Father: {fileID: 9044281632260870879}
  m_RootOrder: 0
  m_LocalEulerAnglesHint: {x: 0, y: 0, z: 0}
--- !u!1 &899513031850939968
GameObject:
  m_ObjectHideFlags: 0
  m_CorrespondingSourceObject: {fileID: 0}
  m_PrefabInstance: {fileID: 0}
  m_PrefabAsset: {fileID: 0}
  serializedVersion: 6
  m_Component:
  - component: {fileID: 6359309571086154564}
  m_Layer: 0
  m_Name: GD56_Raul_AMS_A1:l_hand
  m_TagString: Untagged
  m_Icon: {fileID: 0}
  m_NavMeshLayer: 0
  m_StaticEditorFlags: 0
  m_IsActive: 1
--- !u!4 &6359309571086154564
Transform:
  m_ObjectHideFlags: 0
  m_CorrespondingSourceObject: {fileID: 0}
  m_PrefabInstance: {fileID: 0}
  m_PrefabAsset: {fileID: 0}
  m_GameObject: {fileID: 899513031850939968}
  m_LocalRotation: {x: 0, y: 0.00626942, z: -0, w: 0.9999804}
  m_LocalPosition: {x: -2.0299456, y: -3.3145936, z: 5.9032316}
  m_LocalScale: {x: 1, y: 1, z: 1}
  m_Children:
  - {fileID: 6668717283434317635}
  m_Father: {fileID: 4502360909685531839}
  m_RootOrder: 0
  m_LocalEulerAnglesHint: {x: 0, y: 0, z: 0}
--- !u!1 &1232237315757648867
GameObject:
  m_ObjectHideFlags: 0
  m_CorrespondingSourceObject: {fileID: 0}
  m_PrefabInstance: {fileID: 0}
  m_PrefabAsset: {fileID: 0}
  serializedVersion: 6
  m_Component:
  - component: {fileID: 4502360909685531839}
  m_Layer: 0
  m_Name: GD56_Raul_AMS_A1:l_wrist
  m_TagString: Untagged
  m_Icon: {fileID: 0}
  m_NavMeshLayer: 0
  m_StaticEditorFlags: 0
  m_IsActive: 1
--- !u!4 &4502360909685531839
Transform:
  m_ObjectHideFlags: 0
  m_CorrespondingSourceObject: {fileID: 0}
  m_PrefabInstance: {fileID: 0}
  m_PrefabAsset: {fileID: 0}
  m_GameObject: {fileID: 1232237315757648867}
  m_LocalRotation: {x: -0.0052267886, y: 0.01218068, z: 0.0032943704, w: 0.9999068}
  m_LocalPosition: {x: -18.824537, y: -3.4612858, z: 10.567227}
  m_LocalScale: {x: 1, y: 1, z: 1}
  m_Children:
  - {fileID: 6359309571086154564}
  - {fileID: 8880290958580741760}
  - {fileID: 5909684383679589702}
  - {fileID: 9044281632260870879}
  - {fileID: 3777854413122025141}
  m_Father: {fileID: 9148702787097711198}
  m_RootOrder: 0
  m_LocalEulerAnglesHint: {x: 0, y: 0, z: 0}
--- !u!1 &1483683895467254337
GameObject:
  m_ObjectHideFlags: 0
  m_CorrespondingSourceObject: {fileID: 0}
  m_PrefabInstance: {fileID: 0}
  m_PrefabAsset: {fileID: 0}
  serializedVersion: 6
  m_Component:
  - component: {fileID: 5039810422124859350}
  m_Layer: 0
  m_Name: GD56_Raul_AMS_A1:l_hip
  m_TagString: Untagged
  m_Icon: {fileID: 0}
  m_NavMeshLayer: 0
  m_StaticEditorFlags: 0
  m_IsActive: 1
--- !u!4 &5039810422124859350
Transform:
  m_ObjectHideFlags: 0
  m_CorrespondingSourceObject: {fileID: 0}
  m_PrefabInstance: {fileID: 0}
  m_PrefabAsset: {fileID: 0}
  m_GameObject: {fileID: 1483683895467254337}
  m_LocalRotation: {x: -0.3045966, y: 0.939696, z: -0.14843147, w: -0.04647999}
  m_LocalPosition: {x: 9.909454, y: 0.7875338, z: -8.371127}
  m_LocalScale: {x: 1, y: 1, z: 1}
  m_Children:
  - {fileID: 5155373378195547889}
  m_Father: {fileID: 1760822109786339433}
  m_RootOrder: 1
  m_LocalEulerAnglesHint: {x: 0, y: 0, z: 0}
--- !u!1 &1789123912368323047
GameObject:
  m_ObjectHideFlags: 0
  m_CorrespondingSourceObject: {fileID: 0}
  m_PrefabInstance: {fileID: 0}
  m_PrefabAsset: {fileID: 0}
  serializedVersion: 6
  m_Component:
  - component: {fileID: 7989707060450494139}
  m_Layer: 0
  m_Name: GD56_Raul_AMS_A1:l_clavicle
  m_TagString: Untagged
  m_Icon: {fileID: 0}
  m_NavMeshLayer: 0
  m_StaticEditorFlags: 0
  m_IsActive: 1
--- !u!4 &7989707060450494139
Transform:
  m_ObjectHideFlags: 0
  m_CorrespondingSourceObject: {fileID: 0}
  m_PrefabInstance: {fileID: 0}
  m_PrefabAsset: {fileID: 0}
  m_GameObject: {fileID: 1789123912368323047}
  m_LocalRotation: {x: -0.4742496, y: 0.5244877, z: 0.41673794, w: 0.5712526}
  m_LocalPosition: {x: -13.0386305, y: 0.57614625, z: 6.699915}
  m_LocalScale: {x: 1, y: 1, z: 1}
  m_Children:
  - {fileID: 2237582259449810420}
  m_Father: {fileID: 2741316220611707702}
  m_RootOrder: 0
  m_LocalEulerAnglesHint: {x: 0, y: 0, z: 0}
--- !u!1 &1859418366358528199
GameObject:
  m_ObjectHideFlags: 0
  m_CorrespondingSourceObject: {fileID: 0}
  m_PrefabInstance: {fileID: 0}
  m_PrefabAsset: {fileID: 0}
  serializedVersion: 6
  m_Component:
  - component: {fileID: 382408984269426566}
  m_Layer: 0
  m_Name: GD56_Raul_AMS_A1:head
  m_TagString: Untagged
  m_Icon: {fileID: 0}
  m_NavMeshLayer: 0
  m_StaticEditorFlags: 0
  m_IsActive: 1
--- !u!4 &382408984269426566
Transform:
  m_ObjectHideFlags: 0
  m_CorrespondingSourceObject: {fileID: 0}
  m_PrefabInstance: {fileID: 0}
  m_PrefabAsset: {fileID: 0}
  m_GameObject: {fileID: 1859418366358528199}
  m_LocalRotation: {x: -5.551115e-17, y: 2.7755576e-17, z: 0.26714033, w: 0.9636576}
  m_LocalPosition: {x: -6.8234186, y: -0.105557315, z: -4.4925535e-15}
  m_LocalScale: {x: 1, y: 1, z: 1}
  m_Children:
  - {fileID: 6637912347300743180}
  m_Father: {fileID: 3496680774471979184}
  m_RootOrder: 0
  m_LocalEulerAnglesHint: {x: 0, y: 0, z: 0}
--- !u!1 &1944481110006757898
GameObject:
  m_ObjectHideFlags: 0
  m_CorrespondingSourceObject: {fileID: 0}
  m_PrefabInstance: {fileID: 0}
  m_PrefabAsset: {fileID: 0}
  serializedVersion: 6
  m_Component:
  - component: {fileID: 6367800044820782418}
  m_Layer: 0
  m_Name: joint10 1
  m_TagString: Untagged
  m_Icon: {fileID: 0}
  m_NavMeshLayer: 0
  m_StaticEditorFlags: 0
  m_IsActive: 1
--- !u!4 &6367800044820782418
Transform:
  m_ObjectHideFlags: 0
  m_CorrespondingSourceObject: {fileID: 0}
  m_PrefabInstance: {fileID: 0}
  m_PrefabAsset: {fileID: 0}
  m_GameObject: {fileID: 1944481110006757898}
  m_LocalRotation: {x: 2.1599569e-32, y: -0.05193835, z: -7.6533254e-16, w: 0.9986503}
  m_LocalPosition: {x: 2.7172613, y: 3.509, z: 0.000037139067}
  m_LocalScale: {x: 1, y: 1, z: 1}
  m_Children: []
  m_Father: {fileID: 8357414847974038188}
  m_RootOrder: 0
  m_LocalEulerAnglesHint: {x: 0, y: 0, z: 0}
--- !u!1 &2042250393988942333
GameObject:
  m_ObjectHideFlags: 0
  m_CorrespondingSourceObject: {fileID: 0}
  m_PrefabInstance: {fileID: 0}
  m_PrefabAsset: {fileID: 0}
  serializedVersion: 6
  m_Component:
  - component: {fileID: 1292866862599485222}
  - component: {fileID: 8771420778927366190}
  m_Layer: 0
  m_Name: polySurface3
  m_TagString: Untagged
  m_Icon: {fileID: 0}
  m_NavMeshLayer: 0
  m_StaticEditorFlags: 0
  m_IsActive: 1
--- !u!4 &1292866862599485222
Transform:
  m_ObjectHideFlags: 0
  m_CorrespondingSourceObject: {fileID: 0}
  m_PrefabInstance: {fileID: 0}
  m_PrefabAsset: {fileID: 0}
  m_GameObject: {fileID: 2042250393988942333}
  m_LocalRotation: {x: 0, y: -0, z: -0, w: 1}
  m_LocalPosition: {x: -0, y: 0, z: 0}
  m_LocalScale: {x: 1, y: 1, z: 1}
  m_Children: []
  m_Father: {fileID: 7122365566573022513}
  m_RootOrder: 0
  m_LocalEulerAnglesHint: {x: 0, y: 0, z: 0}
--- !u!137 &8771420778927366190
SkinnedMeshRenderer:
  m_ObjectHideFlags: 0
  m_CorrespondingSourceObject: {fileID: 0}
  m_PrefabInstance: {fileID: 0}
  m_PrefabAsset: {fileID: 0}
  m_GameObject: {fileID: 2042250393988942333}
  m_Enabled: 1
  m_CastShadows: 1
  m_ReceiveShadows: 1
  m_DynamicOccludee: 1
  m_MotionVectors: 1
  m_LightProbeUsage: 1
  m_ReflectionProbeUsage: 1
  m_RenderingLayerMask: 1
  m_RendererPriority: 0
  m_Materials:
  - {fileID: 2100000, guid: b66e78298674afd4baf8b9f9c17a1152, type: 2}
  m_StaticBatchInfo:
    firstSubMesh: 0
    subMeshCount: 0
  m_StaticBatchRoot: {fileID: 0}
  m_ProbeAnchor: {fileID: 0}
  m_LightProbeVolumeOverride: {fileID: 0}
  m_ScaleInLightmap: 1
  m_ReceiveGI: 1
  m_PreserveUVs: 0
  m_IgnoreNormalsForChartDetection: 0
  m_ImportantGI: 0
  m_StitchLightmapSeams: 1
  m_SelectedEditorRenderState: 3
  m_MinimumChartSize: 4
  m_AutoUVMaxDistance: 0.5
  m_AutoUVMaxAngle: 89
  m_LightmapParameters: {fileID: 0}
  m_SortingLayerID: 0
  m_SortingLayer: 0
  m_SortingOrder: 0
  serializedVersion: 2
  m_Quality: 0
  m_UpdateWhenOffscreen: 0
  m_SkinnedMotionVectors: 1
  m_Mesh: {fileID: 4164511204261677510, guid: f4ac39aab6485eb4ebd397a94f8a03de, type: 3}
  m_Bones:
  - {fileID: 1760822109786339433}
  - {fileID: 3419251322560127640}
  - {fileID: 2741316220611707702}
  - {fileID: 3496680774471979184}
  - {fileID: 7989707060450494139}
  - {fileID: 2237582259449810420}
  - {fileID: 784752916324037097}
  - {fileID: 1417268535429517938}
  - {fileID: 5039810422124859350}
  - {fileID: 277675189111918136}
  m_BlendShapeWeights: []
  m_RootBone: {fileID: 1760822109786339433}
  m_AABB:
    m_Center: {x: -14.535599, y: 1.0061426, z: 0.26153946}
    m_Extent: {x: 20.88168, y: 17.290936, z: 20.505085}
  m_DirtyAABB: 0
--- !u!1 &2167543085089008536
GameObject:
  m_ObjectHideFlags: 0
  m_CorrespondingSourceObject: {fileID: 0}
  m_PrefabInstance: {fileID: 0}
  m_PrefabAsset: {fileID: 0}
  serializedVersion: 6
  m_Component:
  - component: {fileID: 6668717283434317635}
  m_Layer: 0
  m_Name: joint1
  m_TagString: Untagged
  m_Icon: {fileID: 0}
  m_NavMeshLayer: 0
  m_StaticEditorFlags: 0
  m_IsActive: 1
--- !u!4 &6668717283434317635
Transform:
  m_ObjectHideFlags: 0
  m_CorrespondingSourceObject: {fileID: 0}
  m_PrefabInstance: {fileID: 0}
  m_PrefabAsset: {fileID: 0}
  m_GameObject: {fileID: 2167543085089008536}
  m_LocalRotation: {x: 0.0065095164, y: 0.15578048, z: -0.005447181, w: 0.98775524}
  m_LocalPosition: {x: -1.1547832, y: -2.3185632, z: 1.4104159}
  m_LocalScale: {x: 1, y: 1, z: 1}
  m_Children:
  - {fileID: 8870939581082086887}
  m_Father: {fileID: 6359309571086154564}
  m_RootOrder: 0
  m_LocalEulerAnglesHint: {x: 0, y: 0, z: 0}
--- !u!1 &2213183515084156664
GameObject:
  m_ObjectHideFlags: 0
  m_CorrespondingSourceObject: {fileID: 0}
  m_PrefabInstance: {fileID: 0}
  m_PrefabAsset: {fileID: 0}
  serializedVersion: 6
  m_Component:
  - component: {fileID: 5155373378195547889}
  m_Layer: 0
  m_Name: GD56_Raul_AMS_A1:l_knees
  m_TagString: Untagged
  m_Icon: {fileID: 0}
  m_NavMeshLayer: 0
  m_StaticEditorFlags: 0
  m_IsActive: 1
--- !u!4 &5155373378195547889
Transform:
  m_ObjectHideFlags: 0
  m_CorrespondingSourceObject: {fileID: 0}
  m_PrefabInstance: {fileID: 0}
  m_PrefabAsset: {fileID: 0}
  m_GameObject: {fileID: 2213183515084156664}
  m_LocalRotation: {x: 0.87376887, y: 0.4786172, z: -0.07552327, w: 0.041830856}
  m_LocalPosition: {x: -26.135168, y: -25.087389, z: 7.77979}
  m_LocalScale: {x: 1, y: 1, z: 1}
  m_Children:
  - {fileID: 8845957712376764763}
  m_Father: {fileID: 5039810422124859350}
  m_RootOrder: 0
  m_LocalEulerAnglesHint: {x: 0, y: 0, z: 0}
--- !u!1 &2272966835183446116
GameObject:
  m_ObjectHideFlags: 0
  m_CorrespondingSourceObject: {fileID: 0}
  m_PrefabInstance: {fileID: 0}
  m_PrefabAsset: {fileID: 0}
  serializedVersion: 6
  m_Component:
  - component: {fileID: 2741316220611707702}
  m_Layer: 0
  m_Name: GD56_Raul_AMS_A1:back_upper
  m_TagString: Untagged
  m_Icon: {fileID: 0}
  m_NavMeshLayer: 0
  m_StaticEditorFlags: 0
  m_IsActive: 1
--- !u!4 &2741316220611707702
Transform:
  m_ObjectHideFlags: 0
  m_CorrespondingSourceObject: {fileID: 0}
  m_PrefabInstance: {fileID: 0}
  m_PrefabAsset: {fileID: 0}
  m_GameObject: {fileID: 2272966835183446116}
  m_LocalRotation: {x: 0, y: 0, z: -0.0022454872, w: 0.9999975}
  m_LocalPosition: {x: -8.21289, y: 0.24373601, z: 5.2930335e-15}
  m_LocalScale: {x: 1, y: 1, z: 1}
  m_Children:
  - {fileID: 7989707060450494139}
  - {fileID: 784752916324037097}
  - {fileID: 3496680774471979184}
  m_Father: {fileID: 3419251322560127640}
  m_RootOrder: 0
  m_LocalEulerAnglesHint: {x: 0, y: 0, z: 0}
--- !u!1 &2295814696349706870
GameObject:
  m_ObjectHideFlags: 0
  m_CorrespondingSourceObject: {fileID: 0}
  m_PrefabInstance: {fileID: 0}
  m_PrefabAsset: {fileID: 0}
  serializedVersion: 6
  m_Component:
  - component: {fileID: 491338529697037340}
  m_Layer: 0
  m_Name: joint2 1
  m_TagString: Untagged
  m_Icon: {fileID: 0}
  m_NavMeshLayer: 0
  m_StaticEditorFlags: 0
  m_IsActive: 1
--- !u!4 &491338529697037340
Transform:
  m_ObjectHideFlags: 0
  m_CorrespondingSourceObject: {fileID: 0}
  m_PrefabInstance: {fileID: 0}
  m_PrefabAsset: {fileID: 0}
  m_GameObject: {fileID: 2295814696349706870}
  m_LocalRotation: {x: 0, y: -0, z: -0, w: 1}
  m_LocalPosition: {x: 8.371355, y: -0.046424303, z: -5.618225}
  m_LocalScale: {x: 1, y: 1, z: 1}
  m_Children:
  - {fileID: 7933814443001383182}
  m_Father: {fileID: 3293818847193291086}
  m_RootOrder: 1
  m_LocalEulerAnglesHint: {x: 0, y: 0, z: 0}
--- !u!1 &2476473760432360384
GameObject:
  m_ObjectHideFlags: 0
  m_CorrespondingSourceObject: {fileID: 0}
  m_PrefabInstance: {fileID: 0}
  m_PrefabAsset: {fileID: 0}
  serializedVersion: 6
  m_Component:
  - component: {fileID: 5093945686954301299}
  m_Layer: 0
  m_Name: joint8 1
  m_TagString: Untagged
  m_Icon: {fileID: 0}
  m_NavMeshLayer: 0
  m_StaticEditorFlags: 0
  m_IsActive: 1
--- !u!4 &5093945686954301299
Transform:
  m_ObjectHideFlags: 0
  m_CorrespondingSourceObject: {fileID: 0}
  m_PrefabInstance: {fileID: 0}
  m_PrefabAsset: {fileID: 0}
  m_GameObject: {fileID: 2476473760432360384}
  m_LocalRotation: {x: 0, y: -0, z: -0, w: 1}
  m_LocalPosition: {x: 10.4271755, y: 0.2576114, z: -1.1250656}
  m_LocalScale: {x: 1, y: 1, z: 1}
  m_Children:
  - {fileID: 8357414847974038188}
  m_Father: {fileID: 3293818847193291086}
  m_RootOrder: 3
  m_LocalEulerAnglesHint: {x: 0, y: 0, z: 0}
--- !u!1 &2521162846984410519
GameObject:
  m_ObjectHideFlags: 0
  m_CorrespondingSourceObject: {fileID: 0}
  m_PrefabInstance: {fileID: 0}
  m_PrefabAsset: {fileID: 0}
  serializedVersion: 6
  m_Component:
  - component: {fileID: 5099483117617026564}
  m_Layer: 0
  m_Name: GD56_Raul_AMS_A1:l_knees 1
  m_TagString: Untagged
  m_Icon: {fileID: 0}
  m_NavMeshLayer: 0
  m_StaticEditorFlags: 0
  m_IsActive: 1
--- !u!4 &5099483117617026564
Transform:
  m_ObjectHideFlags: 0
  m_CorrespondingSourceObject: {fileID: 0}
  m_PrefabInstance: {fileID: 0}
  m_PrefabAsset: {fileID: 0}
  m_GameObject: {fileID: 2521162846984410519}
  m_LocalRotation: {x: 0.87376887, y: 0.4786172, z: -0.07552327, w: 0.041830856}
  m_LocalPosition: {x: 26.135191, y: 25.087399, z: -7.7798305}
  m_LocalScale: {x: 1, y: 1, z: 1}
  m_Children:
  - {fileID: 2287632665277939106}
  m_Father: {fileID: 277675189111918136}
  m_RootOrder: 0
  m_LocalEulerAnglesHint: {x: 0, y: 0, z: 0}
--- !u!1 &2708738345346757687
GameObject:
  m_ObjectHideFlags: 0
  m_CorrespondingSourceObject: {fileID: 0}
  m_PrefabInstance: {fileID: 0}
  m_PrefabAsset: {fileID: 0}
  serializedVersion: 6
  m_Component:
  - component: {fileID: 8678248111783681919}
  m_Layer: 0
  m_Name: joint12
  m_TagString: Untagged
  m_Icon: {fileID: 0}
  m_NavMeshLayer: 0
  m_StaticEditorFlags: 0
  m_IsActive: 1
--- !u!4 &8678248111783681919
Transform:
  m_ObjectHideFlags: 0
  m_CorrespondingSourceObject: {fileID: 0}
  m_PrefabInstance: {fileID: 0}
  m_PrefabAsset: {fileID: 0}
  m_GameObject: {fileID: 2708738345346757687}
  m_LocalRotation: {x: 0.006940986, y: 0.24974763, z: -0.0048855203, w: 0.96827376}
  m_LocalPosition: {x: -3.1110976, y: -1.5631262, z: 0.5489296}
  m_LocalScale: {x: 1, y: 1, z: 1}
  m_Children:
  - {fileID: 4010979545662758473}
  m_Father: {fileID: 3777854413122025141}
  m_RootOrder: 0
  m_LocalEulerAnglesHint: {x: 0, y: 0, z: 0}
--- !u!1 &2988067722287575797
GameObject:
  m_ObjectHideFlags: 0
  m_CorrespondingSourceObject: {fileID: 0}
  m_PrefabInstance: {fileID: 0}
  m_PrefabAsset: {fileID: 0}
  serializedVersion: 6
  m_Component:
  - component: {fileID: 3204523939605914656}
  m_Layer: 0
  m_Name: GD56_Raul_AMS_A1:l_hand 1
  m_TagString: Untagged
  m_Icon: {fileID: 0}
  m_NavMeshLayer: 0
  m_StaticEditorFlags: 0
  m_IsActive: 1
--- !u!4 &3204523939605914656
Transform:
  m_ObjectHideFlags: 0
  m_CorrespondingSourceObject: {fileID: 0}
  m_PrefabInstance: {fileID: 0}
  m_PrefabAsset: {fileID: 0}
  m_GameObject: {fileID: 2988067722287575797}
  m_LocalRotation: {x: -7.703872e-34, y: 0.00626942, z: 4.495462e-16, w: 0.9999804}
  m_LocalPosition: {x: 2.0299833, y: 3.3141773, z: -5.903273}
  m_LocalScale: {x: 1, y: 1, z: 1}
  m_Children:
  - {fileID: 8182133706841241189}
  m_Father: {fileID: 3293818847193291086}
  m_RootOrder: 0
  m_LocalEulerAnglesHint: {x: 0, y: 0, z: 0}
--- !u!1 &3001691813075041445
GameObject:
  m_ObjectHideFlags: 0
  m_CorrespondingSourceObject: {fileID: 0}
  m_PrefabInstance: {fileID: 0}
  m_PrefabAsset: {fileID: 0}
  serializedVersion: 6
  m_Component:
  - component: {fileID: 1760822109786339433}
  m_Layer: 0
  m_Name: GD56_Raul_AMS_A1:waist
  m_TagString: Untagged
  m_Icon: {fileID: 0}
  m_NavMeshLayer: 0
  m_StaticEditorFlags: 0
  m_IsActive: 1
--- !u!4 &1760822109786339433
Transform:
  m_ObjectHideFlags: 0
  m_CorrespondingSourceObject: {fileID: 0}
  m_PrefabInstance: {fileID: 0}
  m_PrefabAsset: {fileID: 0}
  m_GameObject: {fileID: 3001691813075041445}
  m_LocalRotation: {x: -0.45713133, y: 0.5394729, z: -0.45713133, w: 0.5394729}
  m_LocalPosition: {x: -0.0026153908, y: 0.974666, z: 0.022899263}
  m_LocalScale: {x: 0.01, y: 0.01, z: 0.01}
  m_Children:
  - {fileID: 3419251322560127640}
  - {fileID: 5039810422124859350}
  - {fileID: 277675189111918136}
  m_Father: {fileID: 6263382682975322354}
  m_RootOrder: 1
  m_LocalEulerAnglesHint: {x: 0, y: 0, z: 0}
--- !u!1 &3043191685249993720
GameObject:
  m_ObjectHideFlags: 0
  m_CorrespondingSourceObject: {fileID: 0}
  m_PrefabInstance: {fileID: 0}
  m_PrefabAsset: {fileID: 0}
  serializedVersion: 6
  m_Component:
  - component: {fileID: 3496680774471979184}
  m_Layer: 0
  m_Name: GD56_Raul_AMS_A1:neck
  m_TagString: Untagged
  m_Icon: {fileID: 0}
  m_NavMeshLayer: 0
  m_StaticEditorFlags: 0
  m_IsActive: 1
--- !u!4 &3496680774471979184
Transform:
  m_ObjectHideFlags: 0
  m_CorrespondingSourceObject: {fileID: 0}
  m_PrefabInstance: {fileID: 0}
  m_PrefabAsset: {fileID: 0}
  m_GameObject: {fileID: 3043191685249993720}
  m_LocalRotation: {x: 0.9943588, y: -0.106069155, z: 5.214748e-18, w: 6.213599e-17}
  m_LocalPosition: {x: -14.104647, y: 1.1950015, z: 9.304243e-16}
  m_LocalScale: {x: 1, y: 1, z: 1}
  m_Children:
  - {fileID: 382408984269426566}
  m_Father: {fileID: 2741316220611707702}
  m_RootOrder: 2
  m_LocalEulerAnglesHint: {x: 0, y: 0, z: 0}
--- !u!1 &3138988687395846096
GameObject:
  m_ObjectHideFlags: 0
  m_CorrespondingSourceObject: {fileID: 0}
  m_PrefabInstance: {fileID: 0}
  m_PrefabAsset: {fileID: 0}
  serializedVersion: 6
  m_Component:
  - component: {fileID: 8182133706841241189}
  m_Layer: 0
  m_Name: joint1 1
  m_TagString: Untagged
  m_Icon: {fileID: 0}
  m_NavMeshLayer: 0
  m_StaticEditorFlags: 0
  m_IsActive: 1
--- !u!4 &8182133706841241189
Transform:
  m_ObjectHideFlags: 0
  m_CorrespondingSourceObject: {fileID: 0}
  m_PrefabInstance: {fileID: 0}
  m_PrefabAsset: {fileID: 0}
  m_GameObject: {fileID: 3138988687395846096}
  m_LocalRotation: {x: 0.0065095164, y: 0.15578048, z: -0.005447181, w: 0.98775524}
  m_LocalPosition: {x: 1.1547446, y: 2.3193092, z: -1.4103599}
  m_LocalScale: {x: 1, y: 1, z: 1}
  m_Children:
  - {fileID: 5753483918932792179}
  m_Father: {fileID: 3204523939605914656}
  m_RootOrder: 0
  m_LocalEulerAnglesHint: {x: 0, y: 0, z: 0}
--- !u!1 &3365114571038453632
GameObject:
  m_ObjectHideFlags: 0
  m_CorrespondingSourceObject: {fileID: 0}
  m_PrefabInstance: {fileID: 0}
  m_PrefabAsset: {fileID: 0}
  serializedVersion: 6
  m_Component:
  - component: {fileID: 8870939581082086887}
  m_Layer: 0
  m_Name: joint14
  m_TagString: Untagged
  m_Icon: {fileID: 0}
  m_NavMeshLayer: 0
  m_StaticEditorFlags: 0
  m_IsActive: 1
--- !u!4 &8870939581082086887
Transform:
  m_ObjectHideFlags: 0
  m_CorrespondingSourceObject: {fileID: 0}
  m_PrefabInstance: {fileID: 0}
  m_PrefabAsset: {fileID: 0}
  m_GameObject: {fileID: 3365114571038453632}
  m_LocalRotation: {x: 0, y: -0.011314717, z: -0, w: 0.999936}
  m_LocalPosition: {x: -3.6350546, y: -2.3056154, z: 0.07892156}
  m_LocalScale: {x: 1, y: 1, z: 1}
  m_Children: []
  m_Father: {fileID: 6668717283434317635}
  m_RootOrder: 0
  m_LocalEulerAnglesHint: {x: 0, y: 0, z: 0}
--- !u!1 &3365863145159186618
GameObject:
  m_ObjectHideFlags: 0
  m_CorrespondingSourceObject: {fileID: 0}
  m_PrefabInstance: {fileID: 0}
  m_PrefabAsset: {fileID: 0}
  serializedVersion: 6
  m_Component:
  - component: {fileID: 4010979545662758473}
  m_Layer: 0
  m_Name: joint13
  m_TagString: Untagged
  m_Icon: {fileID: 0}
  m_NavMeshLayer: 0
  m_StaticEditorFlags: 0
  m_IsActive: 1
--- !u!4 &4010979545662758473
Transform:
  m_ObjectHideFlags: 0
  m_CorrespondingSourceObject: {fileID: 0}
  m_PrefabInstance: {fileID: 0}
  m_PrefabAsset: {fileID: 0}
  m_GameObject: {fileID: 3365863145159186618}
  m_LocalRotation: {x: 1.232933e-32, y: -0.023402344, z: 6.719096e-15, w: 0.9997262}
  m_LocalPosition: {x: -2.4122322, y: -2.9514253, z: 0.1840893}
  m_LocalScale: {x: 1, y: 1, z: 1}
  m_Children: []
  m_Father: {fileID: 8678248111783681919}
  m_RootOrder: 0
  m_LocalEulerAnglesHint: {x: 0, y: 0, z: 0}
--- !u!1 &3753737976410655878
GameObject:
  m_ObjectHideFlags: 0
  m_CorrespondingSourceObject: {fileID: 0}
  m_PrefabInstance: {fileID: 0}
  m_PrefabAsset: {fileID: 0}
  serializedVersion: 6
  m_Component:
  - component: {fileID: 3787954632936162518}
  m_Layer: 0
  m_Name: joint6 1
  m_TagString: Untagged
  m_Icon: {fileID: 0}
  m_NavMeshLayer: 0
  m_StaticEditorFlags: 0
  m_IsActive: 1
--- !u!4 &3787954632936162518
Transform:
  m_ObjectHideFlags: 0
  m_CorrespondingSourceObject: {fileID: 0}
  m_PrefabInstance: {fileID: 0}
  m_PrefabAsset: {fileID: 0}
  m_GameObject: {fileID: 3753737976410655878}
  m_LocalRotation: {x: 0.0068419473, y: 0.23034388, z: -0.00502328, w: 0.9730723}
  m_LocalPosition: {x: 4.0525365, y: 3.1346564, z: -1.2358589}
  m_LocalScale: {x: 1, y: 1, z: 1}
  m_Children:
  - {fileID: 6171262842105156757}
  m_Father: {fileID: 6503616055763593787}
  m_RootOrder: 0
  m_LocalEulerAnglesHint: {x: 0, y: 0, z: 0}
--- !u!1 &3817790845329658877
GameObject:
  m_ObjectHideFlags: 0
  m_CorrespondingSourceObject: {fileID: 0}
  m_PrefabInstance: {fileID: 0}
  m_PrefabAsset: {fileID: 0}
  serializedVersion: 6
  m_Component:
  - component: {fileID: 8845957712376764763}
  m_Layer: 0
  m_Name: GD56_Raul_AMS_A1:l_ankle
  m_TagString: Untagged
  m_Icon: {fileID: 0}
  m_NavMeshLayer: 0
  m_StaticEditorFlags: 0
  m_IsActive: 1
--- !u!4 &8845957712376764763
Transform:
  m_ObjectHideFlags: 0
  m_CorrespondingSourceObject: {fileID: 0}
  m_PrefabInstance: {fileID: 0}
  m_PrefabAsset: {fileID: 0}
  m_GameObject: {fileID: 3817790845329658877}
  m_LocalRotation: {x: -0.16597106, y: -0.011235251, z: -0.17509642, w: 0.97039616}
  m_LocalPosition: {x: -40.40673, y: -17.640907, z: 2.1154678}
  m_LocalScale: {x: 1, y: 1, z: 1}
  m_Children:
  - {fileID: 3597564320898184786}
  m_Father: {fileID: 5155373378195547889}
  m_RootOrder: 0
  m_LocalEulerAnglesHint: {x: 0, y: 0, z: 0}
--- !u!1 &3837533788526001177
GameObject:
  m_ObjectHideFlags: 0
  m_CorrespondingSourceObject: {fileID: 0}
  m_PrefabInstance: {fileID: 0}
  m_PrefabAsset: {fileID: 0}
  serializedVersion: 6
  m_Component:
  - component: {fileID: 8357414847974038188}
  m_Layer: 0
  m_Name: joint9 1
  m_TagString: Untagged
  m_Icon: {fileID: 0}
  m_NavMeshLayer: 0
  m_StaticEditorFlags: 0
  m_IsActive: 1
--- !u!4 &8357414847974038188
Transform:
  m_ObjectHideFlags: 0
  m_CorrespondingSourceObject: {fileID: 0}
  m_PrefabInstance: {fileID: 0}
  m_PrefabAsset: {fileID: 0}
  m_GameObject: {fileID: 3837533788526001177}
  m_LocalRotation: {x: 0.0071380245, y: 0.289772, z: -0.004592841, w: 0.9570581}
  m_LocalPosition: {x: 4.0430455, y: 2.8860202, z: -0.80654234}
  m_LocalScale: {x: 1, y: 1, z: 1}
  m_Children:
  - {fileID: 6367800044820782418}
  m_Father: {fileID: 5093945686954301299}
  m_RootOrder: 0
  m_LocalEulerAnglesHint: {x: 0, y: 0, z: 0}
--- !u!1 &3862980937935162145
GameObject:
  m_ObjectHideFlags: 0
  m_CorrespondingSourceObject: {fileID: 0}
  m_PrefabInstance: {fileID: 0}
  m_PrefabAsset: {fileID: 0}
  serializedVersion: 6
  m_Component:
  - component: {fileID: 3293818847193291086}
  m_Layer: 0
  m_Name: GD56_Raul_AMS_A1:l_wrist 1
  m_TagString: Untagged
  m_Icon: {fileID: 0}
  m_NavMeshLayer: 0
  m_StaticEditorFlags: 0
  m_IsActive: 1
--- !u!4 &3293818847193291086
Transform:
  m_ObjectHideFlags: 0
  m_CorrespondingSourceObject: {fileID: 0}
  m_PrefabInstance: {fileID: 0}
  m_PrefabAsset: {fileID: 0}
  m_GameObject: {fileID: 3862980937935162145}
  m_LocalRotation: {x: -0.0052267886, y: 0.01218068, z: 0.0032943704, w: 0.9999068}
  m_LocalPosition: {x: 18.824516, y: 3.4614341, z: -10.567239}
  m_LocalScale: {x: 1, y: 1, z: 1}
  m_Children:
  - {fileID: 3204523939605914656}
  - {fileID: 491338529697037340}
  - {fileID: 6503616055763593787}
  - {fileID: 5093945686954301299}
  - {fileID: 1788728482023113911}
  m_Father: {fileID: 3286934701191887034}
  m_RootOrder: 0
  m_LocalEulerAnglesHint: {x: 0, y: 0, z: 0}
--- !u!1 &3943699084568347090
GameObject:
  m_ObjectHideFlags: 0
  m_CorrespondingSourceObject: {fileID: 0}
  m_PrefabInstance: {fileID: 0}
  m_PrefabAsset: {fileID: 0}
  serializedVersion: 6
  m_Component:
  - component: {fileID: 3597564320898184786}
  m_Layer: 0
  m_Name: GD56_Raul_AMS_A1:l_ball
  m_TagString: Untagged
  m_Icon: {fileID: 0}
  m_NavMeshLayer: 0
  m_StaticEditorFlags: 0
  m_IsActive: 1
--- !u!4 &3597564320898184786
Transform:
  m_ObjectHideFlags: 0
  m_CorrespondingSourceObject: {fileID: 0}
  m_PrefabInstance: {fileID: 0}
  m_PrefabAsset: {fileID: 0}
  m_GameObject: {fileID: 3943699084568347090}
  m_LocalRotation: {x: -0.68678737, y: 0.1682541, z: -0.16147622, w: 0.68843246}
  m_LocalPosition: {x: -11.13667, y: 2.167292, z: -2.0712144}
  m_LocalScale: {x: 1, y: 1, z: 1}
  m_Children:
  - {fileID: 1652401516142884905}
  m_Father: {fileID: 8845957712376764763}
  m_RootOrder: 0
  m_LocalEulerAnglesHint: {x: 0, y: 0, z: 0}
--- !u!1 &4243542348245014972
GameObject:
  m_ObjectHideFlags: 0
  m_CorrespondingSourceObject: {fileID: 0}
  m_PrefabInstance: {fileID: 0}
  m_PrefabAsset: {fileID: 0}
  serializedVersion: 6
  m_Component:
  - component: {fileID: 65278455836831138}
  - component: {fileID: 9145230552212888234}
  m_Layer: 0
  m_Name: polySurface1
  m_TagString: Untagged
  m_Icon: {fileID: 0}
  m_NavMeshLayer: 0
  m_StaticEditorFlags: 0
  m_IsActive: 1
--- !u!4 &65278455836831138
Transform:
  m_ObjectHideFlags: 0
  m_CorrespondingSourceObject: {fileID: 0}
  m_PrefabInstance: {fileID: 0}
  m_PrefabAsset: {fileID: 0}
  m_GameObject: {fileID: 4243542348245014972}
  m_LocalRotation: {x: 0, y: -0, z: -0, w: 1}
  m_LocalPosition: {x: -0, y: -77.957825, z: 1.8855963}
  m_LocalScale: {x: 1, y: 1, z: 1}
  m_Children: []
  m_Father: {fileID: 7505142964836347430}
  m_RootOrder: 0
  m_LocalEulerAnglesHint: {x: 0, y: 0, z: 0}
--- !u!137 &9145230552212888234
SkinnedMeshRenderer:
  m_ObjectHideFlags: 0
  m_CorrespondingSourceObject: {fileID: 0}
  m_PrefabInstance: {fileID: 0}
  m_PrefabAsset: {fileID: 0}
  m_GameObject: {fileID: 4243542348245014972}
  m_Enabled: 1
  m_CastShadows: 1
  m_ReceiveShadows: 1
  m_DynamicOccludee: 1
  m_MotionVectors: 1
  m_LightProbeUsage: 1
  m_ReflectionProbeUsage: 1
  m_RenderingLayerMask: 1
  m_RendererPriority: 0
  m_Materials:
  - {fileID: 2100000, guid: b66e78298674afd4baf8b9f9c17a1152, type: 2}
  m_StaticBatchInfo:
    firstSubMesh: 0
    subMeshCount: 0
  m_StaticBatchRoot: {fileID: 0}
  m_ProbeAnchor: {fileID: 0}
  m_LightProbeVolumeOverride: {fileID: 0}
  m_ScaleInLightmap: 1
  m_ReceiveGI: 1
  m_PreserveUVs: 0
  m_IgnoreNormalsForChartDetection: 0
  m_ImportantGI: 0
  m_StitchLightmapSeams: 1
  m_SelectedEditorRenderState: 3
  m_MinimumChartSize: 4
  m_AutoUVMaxDistance: 0.5
  m_AutoUVMaxAngle: 89
  m_LightmapParameters: {fileID: 0}
  m_SortingLayerID: 0
  m_SortingLayer: 0
  m_SortingOrder: 0
  serializedVersion: 2
  m_Quality: 0
  m_UpdateWhenOffscreen: 0
  m_SkinnedMotionVectors: 1
  m_Mesh: {fileID: 6329158148709259305, guid: f4ac39aab6485eb4ebd397a94f8a03de, type: 3}
  m_Bones:
  - {fileID: 1760822109786339433}
  - {fileID: 3419251322560127640}
  - {fileID: 2741316220611707702}
  - {fileID: 3496680774471979184}
  - {fileID: 7989707060450494139}
  - {fileID: 2237582259449810420}
  - {fileID: 9148702787097711198}
  - {fileID: 4502360909685531839}
  - {fileID: 6359309571086154564}
  - {fileID: 3777854413122025141}
  - {fileID: 784752916324037097}
  - {fileID: 1417268535429517938}
  - {fileID: 3286934701191887034}
  - {fileID: 3293818847193291086}
  - {fileID: 3204523939605914656}
  - {fileID: 1788728482023113911}
  - {fileID: 5039810422124859350}
  - {fileID: 5155373378195547889}
  - {fileID: 277675189111918136}
  - {fileID: 5099483117617026564}
  m_BlendShapeWeights: []
  m_RootBone: {fileID: 1760822109786339433}
  m_AABB:
    m_Center: {x: 3.1124744, y: 4.671112, z: 0.2665615}
    m_Extent: {x: 39.50905, y: 24.614285, z: 53.525833}
  m_DirtyAABB: 0
--- !u!1 &4573346021876606013
GameObject:
  m_ObjectHideFlags: 0
  m_CorrespondingSourceObject: {fileID: 0}
  m_PrefabInstance: {fileID: 0}
  m_PrefabAsset: {fileID: 0}
  serializedVersion: 6
  m_Component:
  - component: {fileID: 9148702787097711198}
  m_Layer: 0
  m_Name: GD56_Raul_AMS_A1:l_elbow
  m_TagString: Untagged
  m_Icon: {fileID: 0}
  m_NavMeshLayer: 0
  m_StaticEditorFlags: 0
  m_IsActive: 1
--- !u!4 &9148702787097711198
Transform:
  m_ObjectHideFlags: 0
  m_CorrespondingSourceObject: {fileID: 0}
  m_PrefabInstance: {fileID: 0}
  m_PrefabAsset: {fileID: 0}
  m_GameObject: {fileID: 4573346021876606013}
  m_LocalRotation: {x: 0.0023954497, y: 0.000058085592, z: 0.0030230556, w: 0.9999926}
  m_LocalPosition: {x: -17.34379, y: -4.28625, z: 3.1684003}
  m_LocalScale: {x: 1, y: 1, z: 1}
  m_Children:
  - {fileID: 4502360909685531839}
  m_Father: {fileID: 2237582259449810420}
  m_RootOrder: 0
  m_LocalEulerAnglesHint: {x: 0, y: 0, z: 0}
--- !u!1 &4625681525790650905
GameObject:
  m_ObjectHideFlags: 0
  m_CorrespondingSourceObject: {fileID: 0}
  m_PrefabInstance: {fileID: 0}
  m_PrefabAsset: {fileID: 0}
  serializedVersion: 6
  m_Component:
  - component: {fileID: 1973456337930859303}
  m_Layer: 0
  m_Name: joint4 1
  m_TagString: Untagged
  m_Icon: {fileID: 0}
  m_NavMeshLayer: 0
  m_StaticEditorFlags: 0
  m_IsActive: 1
--- !u!4 &1973456337930859303
Transform:
  m_ObjectHideFlags: 0
  m_CorrespondingSourceObject: {fileID: 0}
  m_PrefabInstance: {fileID: 0}
  m_PrefabAsset: {fileID: 0}
  m_GameObject: {fileID: 4625681525790650905}
  m_LocalRotation: {x: 9.403956e-38, y: -0.00058788917, z: 2.210216e-18, w: 0.9999998}
  m_LocalPosition: {x: 3.7188678, y: 3.759, z: 0.000032566095}
  m_LocalScale: {x: 1, y: 1, z: 1}
  m_Children: []
  m_Father: {fileID: 7933814443001383182}
  m_RootOrder: 0
  m_LocalEulerAnglesHint: {x: 0, y: 0, z: 0}
--- !u!1 &4655143176117091263
GameObject:
  m_ObjectHideFlags: 0
  m_CorrespondingSourceObject: {fileID: 0}
  m_PrefabInstance: {fileID: 0}
  m_PrefabAsset: {fileID: 0}
  serializedVersion: 6
  m_Component:
  - component: {fileID: 3367133656819996760}
  - component: {fileID: 2267350702027825910}
  m_Layer: 0
  m_Name: polySurface4
  m_TagString: Untagged
  m_Icon: {fileID: 0}
  m_NavMeshLayer: 0
  m_StaticEditorFlags: 0
  m_IsActive: 1
--- !u!4 &3367133656819996760
Transform:
  m_ObjectHideFlags: 0
  m_CorrespondingSourceObject: {fileID: 0}
  m_PrefabInstance: {fileID: 0}
  m_PrefabAsset: {fileID: 0}
  m_GameObject: {fileID: 4655143176117091263}
  m_LocalRotation: {x: 0, y: -0, z: -0, w: 1}
  m_LocalPosition: {x: -0, y: 0, z: 0}
  m_LocalScale: {x: 1, y: 1, z: 1}
  m_Children: []
  m_Father: {fileID: 7122365566573022513}
  m_RootOrder: 1
  m_LocalEulerAnglesHint: {x: 0, y: 0, z: 0}
--- !u!137 &2267350702027825910
SkinnedMeshRenderer:
  m_ObjectHideFlags: 0
  m_CorrespondingSourceObject: {fileID: 0}
  m_PrefabInstance: {fileID: 0}
  m_PrefabAsset: {fileID: 0}
  m_GameObject: {fileID: 4655143176117091263}
  m_Enabled: 1
  m_CastShadows: 1
  m_ReceiveShadows: 1
  m_DynamicOccludee: 1
  m_MotionVectors: 1
  m_LightProbeUsage: 1
  m_ReflectionProbeUsage: 1
  m_RenderingLayerMask: 1
  m_RendererPriority: 0
  m_Materials:
  - {fileID: 2100000, guid: b66e78298674afd4baf8b9f9c17a1152, type: 2}
  - {fileID: 2100000, guid: b66e78298674afd4baf8b9f9c17a1152, type: 2}
  m_StaticBatchInfo:
    firstSubMesh: 0
    subMeshCount: 0
  m_StaticBatchRoot: {fileID: 0}
  m_ProbeAnchor: {fileID: 0}
  m_LightProbeVolumeOverride: {fileID: 0}
  m_ScaleInLightmap: 1
  m_ReceiveGI: 1
  m_PreserveUVs: 0
  m_IgnoreNormalsForChartDetection: 0
  m_ImportantGI: 0
  m_StitchLightmapSeams: 1
  m_SelectedEditorRenderState: 3
  m_MinimumChartSize: 4
  m_AutoUVMaxDistance: 0.5
  m_AutoUVMaxAngle: 89
  m_LightmapParameters: {fileID: 0}
  m_SortingLayerID: 0
  m_SortingLayer: 0
  m_SortingOrder: 0
  serializedVersion: 2
  m_Quality: 0
  m_UpdateWhenOffscreen: 0
  m_SkinnedMotionVectors: 1
  m_Mesh: {fileID: 2381890483179193753, guid: f4ac39aab6485eb4ebd397a94f8a03de, type: 3}
  m_Bones:
  - {fileID: 1760822109786339433}
  - {fileID: 3419251322560127640}
  - {fileID: 2741316220611707702}
  - {fileID: 3496680774471979184}
  - {fileID: 382408984269426566}
  - {fileID: 6637912347300743180}
  - {fileID: 7989707060450494139}
  - {fileID: 2237582259449810420}
  - {fileID: 9148702787097711198}
  - {fileID: 4502360909685531839}
  - {fileID: 6359309571086154564}
  - {fileID: 6668717283434317635}
  - {fileID: 8870939581082086887}
  - {fileID: 8880290958580741760}
  - {fileID: 2780333605366604656}
  - {fileID: 467645103585653248}
  - {fileID: 5909684383679589702}
  - {fileID: 907576029807348232}
  - {fileID: 3309744757409045248}
  - {fileID: 9044281632260870879}
  - {fileID: 1536268467634126653}
  - {fileID: 6685709721605500153}
  - {fileID: 3777854413122025141}
  - {fileID: 8678248111783681919}
  - {fileID: 4010979545662758473}
  - {fileID: 784752916324037097}
  - {fileID: 1417268535429517938}
  - {fileID: 3286934701191887034}
  - {fileID: 3293818847193291086}
  - {fileID: 3204523939605914656}
  - {fileID: 8182133706841241189}
  - {fileID: 5753483918932792179}
  - {fileID: 491338529697037340}
  - {fileID: 7933814443001383182}
  - {fileID: 1973456337930859303}
  - {fileID: 6503616055763593787}
  - {fileID: 3787954632936162518}
  - {fileID: 6171262842105156757}
  - {fileID: 5093945686954301299}
  - {fileID: 8357414847974038188}
  - {fileID: 6367800044820782418}
  - {fileID: 1788728482023113911}
  - {fileID: 8950448892188472257}
  - {fileID: 3297574252493999987}
  - {fileID: 5039810422124859350}
  - {fileID: 5155373378195547889}
  - {fileID: 8845957712376764763}
  - {fileID: 3597564320898184786}
  - {fileID: 1652401516142884905}
  - {fileID: 277675189111918136}
  - {fileID: 5099483117617026564}
  - {fileID: 2287632665277939106}
  - {fileID: 7907895078393822620}
  - {fileID: 7953014164222551109}
  m_BlendShapeWeights: []
  m_RootBone: {fileID: 1760822109786339433}
  m_AABB:
    m_Center: {x: 19.977905, y: -2.3428516, z: 0.26153946}
    m_Extent: {x: 86.33646, y: 42.286255, z: 69.66545}
  m_DirtyAABB: 0
--- !u!1 &4950832597473720826
GameObject:
  m_ObjectHideFlags: 0
  m_CorrespondingSourceObject: {fileID: 0}
  m_PrefabInstance: {fileID: 0}
  m_PrefabAsset: {fileID: 0}
  serializedVersion: 6
  m_Component:
  - component: {fileID: 2780333605366604656}
  m_Layer: 0
  m_Name: joint3
  m_TagString: Untagged
  m_Icon: {fileID: 0}
  m_NavMeshLayer: 0
  m_StaticEditorFlags: 0
  m_IsActive: 1
--- !u!4 &2780333605366604656
Transform:
  m_ObjectHideFlags: 0
  m_CorrespondingSourceObject: {fileID: 0}
  m_PrefabInstance: {fileID: 0}
  m_PrefabAsset: {fileID: 0}
  m_GameObject: {fileID: 4950832597473720826}
  m_LocalRotation: {x: 0.0066577033, y: 0.19535567, z: -0.005265033, w: 0.9806957}
  m_LocalPosition: {x: -3.6374593, y: -2.9053843, z: 1.7205777}
  m_LocalScale: {x: 1, y: 1, z: 1}
  m_Children:
  - {fileID: 467645103585653248}
  m_Father: {fileID: 8880290958580741760}
  m_RootOrder: 0
  m_LocalEulerAnglesHint: {x: 0, y: 0, z: 0}
--- !u!1 &5135417624852470519
GameObject:
  m_ObjectHideFlags: 0
  m_CorrespondingSourceObject: {fileID: 0}
  m_PrefabInstance: {fileID: 0}
  m_PrefabAsset: {fileID: 0}
  serializedVersion: 6
  m_Component:
  - component: {fileID: 7505142964836347430}
  m_Layer: 0
  m_Name: Gabardina:Group33846
  m_TagString: Untagged
  m_Icon: {fileID: 0}
  m_NavMeshLayer: 0
  m_StaticEditorFlags: 0
  m_IsActive: 1
--- !u!4 &7505142964836347430
Transform:
  m_ObjectHideFlags: 0
  m_CorrespondingSourceObject: {fileID: 0}
  m_PrefabInstance: {fileID: 0}
  m_PrefabAsset: {fileID: 0}
  m_GameObject: {fileID: 5135417624852470519}
  m_LocalRotation: {x: 0, y: -0, z: -0, w: 1}
  m_LocalPosition: {x: -0, y: 0.77957827, z: -0.018855963}
  m_LocalScale: {x: 0.01, y: 0.01, z: 0.01}
  m_Children:
  - {fileID: 65278455836831138}
  - {fileID: 7122365566573022513}
  m_Father: {fileID: 6263382682975322354}
  m_RootOrder: 0
  m_LocalEulerAnglesHint: {x: 0, y: 0, z: 0}
--- !u!1 &5170980766388631458
GameObject:
  m_ObjectHideFlags: 0
  m_CorrespondingSourceObject: {fileID: 0}
  m_PrefabInstance: {fileID: 0}
  m_PrefabAsset: {fileID: 0}
  serializedVersion: 6
  m_Component:
  - component: {fileID: 7953014164222551109}
  m_Layer: 0
  m_Name: GD56_Raul_AMS_A1:l_toe 1
  m_TagString: Untagged
  m_Icon: {fileID: 0}
  m_NavMeshLayer: 0
  m_StaticEditorFlags: 0
  m_IsActive: 1
--- !u!4 &7953014164222551109
Transform:
  m_ObjectHideFlags: 0
  m_CorrespondingSourceObject: {fileID: 0}
  m_PrefabInstance: {fileID: 0}
  m_PrefabAsset: {fileID: 0}
  m_GameObject: {fileID: 5170980766388631458}
  m_LocalRotation: {x: 0, y: 0, z: 0.0002571794, w: 1}
  m_LocalPosition: {x: 12.71276, y: -0.9281748, z: -7.0205026}
  m_LocalScale: {x: 1, y: 1, z: 1}
  m_Children: []
  m_Father: {fileID: 7907895078393822620}
  m_RootOrder: 0
  m_LocalEulerAnglesHint: {x: 0, y: 0, z: 0}
--- !u!1 &5197962215601380408
GameObject:
  m_ObjectHideFlags: 0
  m_CorrespondingSourceObject: {fileID: 0}
  m_PrefabInstance: {fileID: 0}
  m_PrefabAsset: {fileID: 0}
  serializedVersion: 6
  m_Component:
  - component: {fileID: 3419251322560127640}
  m_Layer: 0
  m_Name: GD56_Raul_AMS_A1:back_lower
  m_TagString: Untagged
  m_Icon: {fileID: 0}
  m_NavMeshLayer: 0
  m_StaticEditorFlags: 0
  m_IsActive: 1
--- !u!4 &3419251322560127640
Transform:
  m_ObjectHideFlags: 0
  m_CorrespondingSourceObject: {fileID: 0}
  m_PrefabInstance: {fileID: 0}
  m_PrefabAsset: {fileID: 0}
  m_GameObject: {fileID: 5197962215601380408}
  m_LocalRotation: {x: 0.9824961, y: -0.18628351, z: 1.1406575e-17, w: -6.0160535e-17}
  m_LocalPosition: {x: -9.403526, y: -0.2738574, z: -3.8219355e-15}
  m_LocalScale: {x: 1, y: 1, z: 1}
  m_Children:
  - {fileID: 2741316220611707702}
  m_Father: {fileID: 1760822109786339433}
  m_RootOrder: 0
  m_LocalEulerAnglesHint: {x: 0, y: 0, z: 0}
--- !u!1 &5314787039577637129
GameObject:
  m_ObjectHideFlags: 0
  m_CorrespondingSourceObject: {fileID: 0}
  m_PrefabInstance: {fileID: 0}
  m_PrefabAsset: {fileID: 0}
  serializedVersion: 6
  m_Component:
  - component: {fileID: 7907895078393822620}
  m_Layer: 0
  m_Name: GD56_Raul_AMS_A1:l_ball 1
  m_TagString: Untagged
  m_Icon: {fileID: 0}
  m_NavMeshLayer: 0
  m_StaticEditorFlags: 0
  m_IsActive: 1
--- !u!4 &7907895078393822620
Transform:
  m_ObjectHideFlags: 0
  m_CorrespondingSourceObject: {fileID: 0}
  m_PrefabInstance: {fileID: 0}
  m_PrefabAsset: {fileID: 0}
  m_GameObject: {fileID: 5314787039577637129}
  m_LocalRotation: {x: -0.68678737, y: 0.1682541, z: -0.16147622, w: 0.68843246}
  m_LocalPosition: {x: 11.136667, y: -2.16729, z: 2.0711906}
  m_LocalScale: {x: 1, y: 1, z: 1}
  m_Children:
  - {fileID: 7953014164222551109}
  m_Father: {fileID: 2287632665277939106}
  m_RootOrder: 0
  m_LocalEulerAnglesHint: {x: 0, y: 0, z: 0}
--- !u!1 &5443763205655256814
GameObject:
  m_ObjectHideFlags: 0
  m_CorrespondingSourceObject: {fileID: 0}
  m_PrefabInstance: {fileID: 0}
  m_PrefabAsset: {fileID: 0}
  serializedVersion: 6
  m_Component:
  - component: {fileID: 1652401516142884905}
  m_Layer: 0
  m_Name: GD56_Raul_AMS_A1:l_toe
  m_TagString: Untagged
  m_Icon: {fileID: 0}
  m_NavMeshLayer: 0
  m_StaticEditorFlags: 0
  m_IsActive: 1
--- !u!4 &1652401516142884905
Transform:
  m_ObjectHideFlags: 0
  m_CorrespondingSourceObject: {fileID: 0}
  m_PrefabInstance: {fileID: 0}
  m_PrefabAsset: {fileID: 0}
  m_GameObject: {fileID: 5443763205655256814}
  m_LocalRotation: {x: 0, y: 0, z: 0.0002571794, w: 1}
  m_LocalPosition: {x: -12.712713, y: 0.92816204, z: 7.020477}
  m_LocalScale: {x: 1, y: 1, z: 1}
  m_Children: []
  m_Father: {fileID: 3597564320898184786}
  m_RootOrder: 0
  m_LocalEulerAnglesHint: {x: 0, y: 0, z: 0}
--- !u!1 &5811257263121819897
GameObject:
  m_ObjectHideFlags: 0
  m_CorrespondingSourceObject: {fileID: 0}
  m_PrefabInstance: {fileID: 0}
  m_PrefabAsset: {fileID: 0}
  serializedVersion: 6
  m_Component:
  - component: {fileID: 2287632665277939106}
  m_Layer: 0
  m_Name: GD56_Raul_AMS_A1:l_ankle 1
  m_TagString: Untagged
  m_Icon: {fileID: 0}
  m_NavMeshLayer: 0
  m_StaticEditorFlags: 0
  m_IsActive: 1
--- !u!4 &2287632665277939106
Transform:
  m_ObjectHideFlags: 0
  m_CorrespondingSourceObject: {fileID: 0}
  m_PrefabInstance: {fileID: 0}
  m_PrefabAsset: {fileID: 0}
  m_GameObject: {fileID: 5811257263121819897}
  m_LocalRotation: {x: -0.16597106, y: -0.011235251, z: -0.17509642, w: 0.97039616}
  m_LocalPosition: {x: 40.406734, y: 17.640903, z: -2.1155033}
  m_LocalScale: {x: 1, y: 1, z: 1}
  m_Children:
  - {fileID: 7907895078393822620}
  m_Father: {fileID: 5099483117617026564}
  m_RootOrder: 0
  m_LocalEulerAnglesHint: {x: 0, y: 0, z: 0}
--- !u!1 &5988745086385050136
GameObject:
  m_ObjectHideFlags: 0
  m_CorrespondingSourceObject: {fileID: 0}
  m_PrefabInstance: {fileID: 0}
  m_PrefabAsset: {fileID: 0}
  serializedVersion: 6
  m_Component:
  - component: {fileID: 1417268535429517938}
  m_Layer: 0
  m_Name: GD56_Raul_AMS_A1:l_shoulder 1
  m_TagString: Untagged
  m_Icon: {fileID: 0}
  m_NavMeshLayer: 0
  m_StaticEditorFlags: 0
  m_IsActive: 1
--- !u!4 &1417268535429517938
Transform:
  m_ObjectHideFlags: 0
  m_CorrespondingSourceObject: {fileID: 0}
  m_PrefabInstance: {fileID: 0}
  m_PrefabAsset: {fileID: 0}
  m_GameObject: {fileID: 5988745086385050136}
  m_LocalRotation: {x: -0.0008322281, y: -0.032919228, z: 0.052517615, w: 0.9980769}
  m_LocalPosition: {x: 7.789824, y: 5.244291, z: -2.194444}
  m_LocalScale: {x: 1, y: 1, z: 1}
  m_Children:
  - {fileID: 3286934701191887034}
  m_Father: {fileID: 784752916324037097}
  m_RootOrder: 0
  m_LocalEulerAnglesHint: {x: 0, y: 0, z: 0}
--- !u!1 &5997405680161283983
GameObject:
  m_ObjectHideFlags: 0
  m_CorrespondingSourceObject: {fileID: 0}
  m_PrefabInstance: {fileID: 0}
  m_PrefabAsset: {fileID: 0}
  serializedVersion: 6
  m_Component:
  - component: {fileID: 9044281632260870879}
  m_Layer: 0
  m_Name: joint8
  m_TagString: Untagged
  m_Icon: {fileID: 0}
  m_NavMeshLayer: 0
  m_StaticEditorFlags: 0
  m_IsActive: 1
--- !u!4 &9044281632260870879
Transform:
  m_ObjectHideFlags: 0
  m_CorrespondingSourceObject: {fileID: 0}
  m_PrefabInstance: {fileID: 0}
  m_PrefabAsset: {fileID: 0}
  m_GameObject: {fileID: 5997405680161283983}
  m_LocalRotation: {x: 0, y: -0, z: -0, w: 1}
  m_LocalPosition: {x: -10.427119, y: -0.2577029, z: 1.1251131}
  m_LocalScale: {x: 1, y: 1, z: 1}
  m_Children:
  - {fileID: 1536268467634126653}
  m_Father: {fileID: 4502360909685531839}
  m_RootOrder: 3
  m_LocalEulerAnglesHint: {x: 0, y: 0, z: 0}
--- !u!1 &6039027686795969265
GameObject:
  m_ObjectHideFlags: 0
  m_CorrespondingSourceObject: {fileID: 0}
  m_PrefabInstance: {fileID: 0}
  m_PrefabAsset: {fileID: 0}
  serializedVersion: 6
  m_Component:
  - component: {fileID: 277675189111918136}
  m_Layer: 0
  m_Name: GD56_Raul_AMS_A1:l_hip1
  m_TagString: Untagged
  m_Icon: {fileID: 0}
  m_NavMeshLayer: 0
  m_StaticEditorFlags: 0
  m_IsActive: 1
--- !u!4 &277675189111918136
Transform:
  m_ObjectHideFlags: 0
  m_CorrespondingSourceObject: {fileID: 0}
  m_PrefabInstance: {fileID: 0}
  m_PrefabAsset: {fileID: 0}
  m_GameObject: {fileID: 6039027686795969265}
  m_LocalRotation: {x: 0.939696, y: 0.3045966, z: 0.04647999, w: -0.14843147}
  m_LocalPosition: {x: 9.909426, y: 0.7875384, z: 8.371129}
  m_LocalScale: {x: 1, y: 1, z: 1}
  m_Children:
  - {fileID: 5099483117617026564}
  m_Father: {fileID: 1760822109786339433}
  m_RootOrder: 2
  m_LocalEulerAnglesHint: {x: 0, y: 0, z: 0}
--- !u!1 &6105727132481576049
GameObject:
  m_ObjectHideFlags: 0
  m_CorrespondingSourceObject: {fileID: 0}
  m_PrefabInstance: {fileID: 0}
  m_PrefabAsset: {fileID: 0}
  serializedVersion: 6
  m_Component:
  - component: {fileID: 8950448892188472257}
  m_Layer: 0
  m_Name: joint12 1
  m_TagString: Untagged
  m_Icon: {fileID: 0}
  m_NavMeshLayer: 0
  m_StaticEditorFlags: 0
  m_IsActive: 1
--- !u!4 &8950448892188472257
Transform:
  m_ObjectHideFlags: 0
  m_CorrespondingSourceObject: {fileID: 0}
  m_PrefabInstance: {fileID: 0}
  m_PrefabAsset: {fileID: 0}
  m_GameObject: {fileID: 6105727132481576049}
  m_LocalRotation: {x: 0.006940986, y: 0.24974763, z: -0.0048855203, w: 0.96827376}
  m_LocalPosition: {x: 3.111121, y: 1.5630435, z: -0.54892945}
  m_LocalScale: {x: 1, y: 1, z: 1}
  m_Children:
  - {fileID: 3297574252493999987}
  m_Father: {fileID: 1788728482023113911}
  m_RootOrder: 0
  m_LocalEulerAnglesHint: {x: 0, y: 0, z: 0}
--- !u!1 &6136929807889527932
GameObject:
  m_ObjectHideFlags: 0
  m_CorrespondingSourceObject: {fileID: 0}
  m_PrefabInstance: {fileID: 0}
  m_PrefabAsset: {fileID: 0}
  serializedVersion: 6
  m_Component:
  - component: {fileID: 6503616055763593787}
  m_Layer: 0
  m_Name: joint5 1
  m_TagString: Untagged
  m_Icon: {fileID: 0}
  m_NavMeshLayer: 0
  m_StaticEditorFlags: 0
  m_IsActive: 1
--- !u!4 &6503616055763593787
Transform:
  m_ObjectHideFlags: 0
  m_CorrespondingSourceObject: {fileID: 0}
  m_PrefabInstance: {fileID: 0}
  m_PrefabAsset: {fileID: 0}
  m_GameObject: {fileID: 6136929807889527932}
  m_LocalRotation: {x: 0, y: -0, z: -0, w: 1}
  m_LocalPosition: {x: 9.219735, y: -0.08407223, z: -3.1935356}
  m_LocalScale: {x: 1, y: 1, z: 1}
  m_Children:
  - {fileID: 3787954632936162518}
  m_Father: {fileID: 3293818847193291086}
  m_RootOrder: 2
  m_LocalEulerAnglesHint: {x: 0, y: 0, z: 0}
--- !u!1 &6315823610698889356
GameObject:
  m_ObjectHideFlags: 0
  m_CorrespondingSourceObject: {fileID: 0}
  m_PrefabInstance: {fileID: 0}
  m_PrefabAsset: {fileID: 0}
  serializedVersion: 6
  m_Component:
  - component: {fileID: 3286934701191887034}
  m_Layer: 0
  m_Name: GD56_Raul_AMS_A1:l_elbow 1
  m_TagString: Untagged
  m_Icon: {fileID: 0}
  m_NavMeshLayer: 0
  m_StaticEditorFlags: 0
  m_IsActive: 1
--- !u!4 &3286934701191887034
Transform:
  m_ObjectHideFlags: 0
  m_CorrespondingSourceObject: {fileID: 0}
  m_PrefabInstance: {fileID: 0}
  m_PrefabAsset: {fileID: 0}
  m_GameObject: {fileID: 6315823610698889356}
  m_LocalRotation: {x: 0.0023954497, y: 0.000058085592, z: 0.0030230556, w: 0.9999926}
  m_LocalPosition: {x: 17.34377, y: 4.28574, z: -3.168398}
  m_LocalScale: {x: 1, y: 1, z: 1}
  m_Children:
  - {fileID: 3293818847193291086}
  m_Father: {fileID: 1417268535429517938}
  m_RootOrder: 0
  m_LocalEulerAnglesHint: {x: 0, y: 0, z: 0}
--- !u!1 &6900165177555137347
GameObject:
  m_ObjectHideFlags: 0
  m_CorrespondingSourceObject: {fileID: 0}
  m_PrefabInstance: {fileID: 0}
  m_PrefabAsset: {fileID: 0}
  serializedVersion: 6
  m_Component:
  - component: {fileID: 3777854413122025141}
  m_Layer: 0
  m_Name: joint11
  m_TagString: Untagged
  m_Icon: {fileID: 0}
  m_NavMeshLayer: 0
  m_StaticEditorFlags: 0
  m_IsActive: 1
--- !u!4 &3777854413122025141
Transform:
  m_ObjectHideFlags: 0
  m_CorrespondingSourceObject: {fileID: 0}
  m_PrefabInstance: {fileID: 0}
  m_PrefabAsset: {fileID: 0}
  m_GameObject: {fileID: 6900165177555137347}
  m_LocalRotation: {x: 0, y: -0, z: -0, w: 1}
  m_LocalPosition: {x: -10.007834, y: -1.4782817, z: -1.3977686}
  m_LocalScale: {x: 1, y: 1, z: 1}
  m_Children:
  - {fileID: 8678248111783681919}
  m_Father: {fileID: 4502360909685531839}
  m_RootOrder: 4
  m_LocalEulerAnglesHint: {x: 0, y: 0, z: 0}
--- !u!1 &6969136278386586337
GameObject:
  m_ObjectHideFlags: 0
  m_CorrespondingSourceObject: {fileID: 0}
  m_PrefabInstance: {fileID: 0}
  m_PrefabAsset: {fileID: 0}
  serializedVersion: 6
  m_Component:
  - component: {fileID: 6263382682975322354}
  - component: {fileID: 4063938583474957704}
  m_Layer: 0
  m_Name: Jane_GHOST
  m_TagString: Untagged
  m_Icon: {fileID: 0}
  m_NavMeshLayer: 0
  m_StaticEditorFlags: 0
  m_IsActive: 1
--- !u!4 &6263382682975322354
Transform:
  m_ObjectHideFlags: 0
  m_CorrespondingSourceObject: {fileID: 0}
  m_PrefabInstance: {fileID: 0}
  m_PrefabAsset: {fileID: 0}
  m_GameObject: {fileID: 6969136278386586337}
  m_LocalRotation: {x: -0, y: 0.98998517, z: -0, w: 0.14117143}
  m_LocalPosition: {x: 6.349, y: 0.5, z: -5.741}
  m_LocalScale: {x: 1, y: 1, z: 1}
  m_Children:
  - {fileID: 7505142964836347430}
  - {fileID: 1760822109786339433}
  m_Father: {fileID: 0}
  m_RootOrder: 0
  m_LocalEulerAnglesHint: {x: 0, y: 163.76901, z: 0}
--- !u!95 &4063938583474957704
Animator:
  serializedVersion: 3
  m_ObjectHideFlags: 0
  m_CorrespondingSourceObject: {fileID: 0}
  m_PrefabInstance: {fileID: 0}
  m_PrefabAsset: {fileID: 0}
  m_GameObject: {fileID: 6969136278386586337}
  m_Enabled: 1
  m_Avatar: {fileID: 9000000, guid: f4ac39aab6485eb4ebd397a94f8a03de, type: 3}
  m_Controller: {fileID: 0}
  m_CullingMode: 1
  m_UpdateMode: 0
  m_ApplyRootMotion: 0
  m_LinearVelocityBlending: 0
  m_WarningMessage: 
  m_HasTransformHierarchy: 1
  m_AllowConstantClipSamplingOptimization: 1
  m_KeepAnimatorControllerStateOnDisable: 0
--- !u!1 &7055949853575825560
GameObject:
  m_ObjectHideFlags: 0
  m_CorrespondingSourceObject: {fileID: 0}
  m_PrefabInstance: {fileID: 0}
  m_PrefabAsset: {fileID: 0}
  serializedVersion: 6
  m_Component:
  - component: {fileID: 3297574252493999987}
  m_Layer: 0
  m_Name: joint13 1
  m_TagString: Untagged
  m_Icon: {fileID: 0}
  m_NavMeshLayer: 0
  m_StaticEditorFlags: 0
  m_IsActive: 1
--- !u!4 &3297574252493999987
Transform:
  m_ObjectHideFlags: 0
  m_CorrespondingSourceObject: {fileID: 0}
  m_PrefabInstance: {fileID: 0}
  m_PrefabAsset: {fileID: 0}
  m_GameObject: {fileID: 7055949853575825560}
  m_LocalRotation: {x: -1.1558746e-33, y: -0.023402344, z: -1.7700028e-16, w: 0.9997262}
  m_LocalPosition: {x: 2.41227, y: 2.951, z: -0.1840284}
  m_LocalScale: {x: 1, y: 1, z: 1}
  m_Children: []
  m_Father: {fileID: 8950448892188472257}
  m_RootOrder: 0
  m_LocalEulerAnglesHint: {x: 0, y: 0, z: 0}
--- !u!1 &7409966787244491449
GameObject:
  m_ObjectHideFlags: 0
  m_CorrespondingSourceObject: {fileID: 0}
  m_PrefabInstance: {fileID: 0}
  m_PrefabAsset: {fileID: 0}
  serializedVersion: 6
  m_Component:
  - component: {fileID: 784752916324037097}
  m_Layer: 0
  m_Name: GD56_Raul_AMS_A1:l_clavicle1
  m_TagString: Untagged
  m_Icon: {fileID: 0}
  m_NavMeshLayer: 0
  m_StaticEditorFlags: 0
  m_IsActive: 1
--- !u!4 &784752916324037097
Transform:
  m_ObjectHideFlags: 0
  m_CorrespondingSourceObject: {fileID: 0}
  m_PrefabInstance: {fileID: 0}
  m_PrefabAsset: {fileID: 0}
  m_GameObject: {fileID: 7409966787244491449}
  m_LocalRotation: {x: -0.5244877, y: -0.4742496, z: 0.5712526, w: -0.41673794}
  m_LocalPosition: {x: -13.038464, y: 0.57611096, z: -6.699919}
  m_LocalScale: {x: 1, y: 1, z: 1}
  m_Children:
  - {fileID: 1417268535429517938}
  m_Father: {fileID: 2741316220611707702}
  m_RootOrder: 1
  m_LocalEulerAnglesHint: {x: 0, y: 0, z: 0}
--- !u!1 &7452813338279134707
GameObject:
  m_ObjectHideFlags: 0
  m_CorrespondingSourceObject: {fileID: 0}
  m_PrefabInstance: {fileID: 0}
  m_PrefabAsset: {fileID: 0}
  serializedVersion: 6
  m_Component:
  - component: {fileID: 907576029807348232}
  m_Layer: 0
  m_Name: joint6
  m_TagString: Untagged
  m_Icon: {fileID: 0}
  m_NavMeshLayer: 0
  m_StaticEditorFlags: 0
  m_IsActive: 1
--- !u!4 &907576029807348232
Transform:
  m_ObjectHideFlags: 0
  m_CorrespondingSourceObject: {fileID: 0}
  m_PrefabInstance: {fileID: 0}
  m_PrefabAsset: {fileID: 0}
  m_GameObject: {fileID: 7452813338279134707}
  m_LocalRotation: {x: 0.0068419473, y: 0.23034388, z: -0.00502328, w: 0.9730723}
  m_LocalPosition: {x: -4.0525208, y: -3.134288, z: 1.2358853}
  m_LocalScale: {x: 1, y: 1, z: 1}
  m_Children:
  - {fileID: 3309744757409045248}
  m_Father: {fileID: 5909684383679589702}
  m_RootOrder: 0
  m_LocalEulerAnglesHint: {x: 0, y: 0, z: 0}
--- !u!1 &7685593270468582647
GameObject:
  m_ObjectHideFlags: 0
  m_CorrespondingSourceObject: {fileID: 0}
  m_PrefabInstance: {fileID: 0}
  m_PrefabAsset: {fileID: 0}
  serializedVersion: 6
  m_Component:
  - component: {fileID: 5909684383679589702}
  m_Layer: 0
  m_Name: joint5
  m_TagString: Untagged
  m_Icon: {fileID: 0}
  m_NavMeshLayer: 0
  m_StaticEditorFlags: 0
  m_IsActive: 1
--- !u!4 &5909684383679589702
Transform:
  m_ObjectHideFlags: 0
  m_CorrespondingSourceObject: {fileID: 0}
  m_PrefabInstance: {fileID: 0}
  m_PrefabAsset: {fileID: 0}
  m_GameObject: {fileID: 7685593270468582647}
  m_LocalRotation: {x: 0, y: -0, z: -0, w: 1}
  m_LocalPosition: {x: -9.21971, y: 0.08407174, z: 3.1935515}
  m_LocalScale: {x: 1, y: 1, z: 1}
  m_Children:
  - {fileID: 907576029807348232}
  m_Father: {fileID: 4502360909685531839}
  m_RootOrder: 2
  m_LocalEulerAnglesHint: {x: 0, y: 0, z: 0}
--- !u!1 &7880881510757383511
GameObject:
  m_ObjectHideFlags: 0
  m_CorrespondingSourceObject: {fileID: 0}
  m_PrefabInstance: {fileID: 0}
  m_PrefabAsset: {fileID: 0}
  serializedVersion: 6
  m_Component:
  - component: {fileID: 6685709721605500153}
  m_Layer: 0
  m_Name: joint10
  m_TagString: Untagged
  m_Icon: {fileID: 0}
  m_NavMeshLayer: 0
  m_StaticEditorFlags: 0
  m_IsActive: 1
--- !u!4 &6685709721605500153
Transform:
  m_ObjectHideFlags: 0
  m_CorrespondingSourceObject: {fileID: 0}
  m_PrefabInstance: {fileID: 0}
  m_PrefabAsset: {fileID: 0}
  m_GameObject: {fileID: 7880881510757383511}
  m_LocalRotation: {x: 2.468522e-32, y: -0.05193835, z: -5.4628805e-15, w: 0.9986503}
  m_LocalPosition: {x: -2.7172565, y: -3.5089853, z: -4.784193e-14}
  m_LocalScale: {x: 1, y: 1, z: 1}
  m_Children: []
  m_Father: {fileID: 1536268467634126653}
  m_RootOrder: 0
  m_LocalEulerAnglesHint: {x: 0, y: 0, z: 0}
--- !u!1 &7899498379510331773
GameObject:
  m_ObjectHideFlags: 0
  m_CorrespondingSourceObject: {fileID: 0}
  m_PrefabInstance: {fileID: 0}
  m_PrefabAsset: {fileID: 0}
  serializedVersion: 6
  m_Component:
  - component: {fileID: 1788728482023113911}
  m_Layer: 0
  m_Name: joint11 1
  m_TagString: Untagged
  m_Icon: {fileID: 0}
  m_NavMeshLayer: 0
  m_StaticEditorFlags: 0
  m_IsActive: 1
--- !u!4 &1788728482023113911
Transform:
  m_ObjectHideFlags: 0
  m_CorrespondingSourceObject: {fileID: 0}
  m_PrefabInstance: {fileID: 0}
  m_PrefabAsset: {fileID: 0}
  m_GameObject: {fileID: 7899498379510331773}
  m_LocalRotation: {x: 0, y: -0, z: -0, w: 1}
  m_LocalPosition: {x: 10.007812, y: 1.4784547, z: 1.3977519}
  m_LocalScale: {x: 1, y: 1, z: 1}
  m_Children:
  - {fileID: 8950448892188472257}
  m_Father: {fileID: 3293818847193291086}
  m_RootOrder: 4
  m_LocalEulerAnglesHint: {x: 0, y: 0, z: 0}
--- !u!1 &8059973201798175824
GameObject:
  m_ObjectHideFlags: 0
  m_CorrespondingSourceObject: {fileID: 0}
  m_PrefabInstance: {fileID: 0}
  m_PrefabAsset: {fileID: 0}
  serializedVersion: 6
  m_Component:
  - component: {fileID: 7933814443001383182}
  m_Layer: 0
  m_Name: joint3 1
  m_TagString: Untagged
  m_Icon: {fileID: 0}
  m_NavMeshLayer: 0
  m_StaticEditorFlags: 0
  m_IsActive: 1
--- !u!4 &7933814443001383182
Transform:
  m_ObjectHideFlags: 0
  m_CorrespondingSourceObject: {fileID: 0}
  m_PrefabInstance: {fileID: 0}
  m_PrefabAsset: {fileID: 0}
  m_GameObject: {fileID: 8059973201798175824}
  m_LocalRotation: {x: 0.0066577033, y: 0.19535567, z: -0.005265033, w: 0.9806957}
  m_LocalPosition: {x: 3.6373897, y: 2.9053228, z: -1.7205716}
  m_LocalScale: {x: 1, y: 1, z: 1}
  m_Children:
  - {fileID: 1973456337930859303}
  m_Father: {fileID: 491338529697037340}
  m_RootOrder: 0
  m_LocalEulerAnglesHint: {x: 0, y: 0, z: 0}
--- !u!1 &8222298330670338739
GameObject:
  m_ObjectHideFlags: 0
  m_CorrespondingSourceObject: {fileID: 0}
  m_PrefabInstance: {fileID: 0}
  m_PrefabAsset: {fileID: 0}
  serializedVersion: 6
  m_Component:
  - component: {fileID: 467645103585653248}
  m_Layer: 0
  m_Name: joint4
  m_TagString: Untagged
  m_Icon: {fileID: 0}
  m_NavMeshLayer: 0
  m_StaticEditorFlags: 0
  m_IsActive: 1
--- !u!4 &467645103585653248
Transform:
  m_ObjectHideFlags: 0
  m_CorrespondingSourceObject: {fileID: 0}
  m_PrefabInstance: {fileID: 0}
  m_PrefabAsset: {fileID: 0}
  m_GameObject: {fileID: 8222298330670338739}
  m_LocalRotation: {x: -3.7615824e-37, y: -0.00058788917, z: -4.782599e-18, w: 0.9999998}
  m_LocalPosition: {x: -3.7188463, y: -3.759379, z: 2.4699067e-14}
  m_LocalScale: {x: 1, y: 1, z: 1}
  m_Children: []
  m_Father: {fileID: 2780333605366604656}
  m_RootOrder: 0
  m_LocalEulerAnglesHint: {x: 0, y: 0, z: 0}
--- !u!1 &8431673330930358727
GameObject:
  m_ObjectHideFlags: 0
  m_CorrespondingSourceObject: {fileID: 0}
  m_PrefabInstance: {fileID: 0}
  m_PrefabAsset: {fileID: 0}
  serializedVersion: 6
  m_Component:
  - component: {fileID: 8880290958580741760}
  m_Layer: 0
  m_Name: joint2
  m_TagString: Untagged
  m_Icon: {fileID: 0}
  m_NavMeshLayer: 0
  m_StaticEditorFlags: 0
  m_IsActive: 1
--- !u!4 &8880290958580741760
Transform:
  m_ObjectHideFlags: 0
  m_CorrespondingSourceObject: {fileID: 0}
  m_PrefabInstance: {fileID: 0}
  m_PrefabAsset: {fileID: 0}
  m_GameObject: {fileID: 8431673330930358727}
  m_LocalRotation: {x: 0, y: -0, z: -0, w: 1}
  m_LocalPosition: {x: -8.371309, y: 0.0464237, z: 5.6182265}
  m_LocalScale: {x: 1, y: 1, z: 1}
  m_Children:
  - {fileID: 2780333605366604656}
  m_Father: {fileID: 4502360909685531839}
  m_RootOrder: 1
  m_LocalEulerAnglesHint: {x: 0, y: 0, z: 0}
--- !u!1 &8551118238435371783
GameObject:
  m_ObjectHideFlags: 0
  m_CorrespondingSourceObject: {fileID: 0}
  m_PrefabInstance: {fileID: 0}
  m_PrefabAsset: {fileID: 0}
  serializedVersion: 6
  m_Component:
  - component: {fileID: 6637912347300743180}
  m_Layer: 0
  m_Name: GD56_Raul_AMS_A1:head_nubbin
  m_TagString: Untagged
  m_Icon: {fileID: 0}
  m_NavMeshLayer: 0
  m_StaticEditorFlags: 0
  m_IsActive: 1
--- !u!4 &6637912347300743180
Transform:
  m_ObjectHideFlags: 0
  m_CorrespondingSourceObject: {fileID: 0}
  m_PrefabInstance: {fileID: 0}
  m_PrefabAsset: {fileID: 0}
  m_GameObject: {fileID: 8551118238435371783}
  m_LocalRotation: {x: 0, y: 0, z: 0.10261875, w: 0.99472076}
  m_LocalPosition: {x: -18.5702, y: 2.172701, z: -1.474258e-14}
  m_LocalScale: {x: 1, y: 1, z: 1}
  m_Children: []
  m_Father: {fileID: 382408984269426566}
  m_RootOrder: 0
  m_LocalEulerAnglesHint: {x: 0, y: 0, z: 0}
--- !u!1 &8589907798311409325
GameObject:
  m_ObjectHideFlags: 0
  m_CorrespondingSourceObject: {fileID: 0}
  m_PrefabInstance: {fileID: 0}
  m_PrefabAsset: {fileID: 0}
  serializedVersion: 6
  m_Component:
  - component: {fileID: 3309744757409045248}
  m_Layer: 0
  m_Name: joint7
  m_TagString: Untagged
  m_Icon: {fileID: 0}
  m_NavMeshLayer: 0
  m_StaticEditorFlags: 0
  m_IsActive: 1
--- !u!4 &3309744757409045248
Transform:
  m_ObjectHideFlags: 0
  m_CorrespondingSourceObject: {fileID: 0}
  m_PrefabInstance: {fileID: 0}
  m_PrefabAsset: {fileID: 0}
  m_GameObject: {fileID: 8589907798311409325}
  m_LocalRotation: {x: 9.902848e-32, y: -0.09209655, z: -3.4887904e-15, w: 0.99575007}
  m_LocalPosition: {x: -3.9856315, y: -4.2669477, z: -2.6226747e-14}
  m_LocalScale: {x: 1, y: 1, z: 1}
  m_Children: []
  m_Father: {fileID: 907576029807348232}
  m_RootOrder: 0
  m_LocalEulerAnglesHint: {x: 0, y: 0, z: 0}
--- !u!1 &8824837998417683402
GameObject:
  m_ObjectHideFlags: 0
  m_CorrespondingSourceObject: {fileID: 0}
  m_PrefabInstance: {fileID: 0}
  m_PrefabAsset: {fileID: 0}
  serializedVersion: 6
  m_Component:
  - component: {fileID: 2237582259449810420}
  m_Layer: 0
  m_Name: GD56_Raul_AMS_A1:l_shoulder
  m_TagString: Untagged
  m_Icon: {fileID: 0}
  m_NavMeshLayer: 0
  m_StaticEditorFlags: 0
  m_IsActive: 1
--- !u!4 &2237582259449810420
Transform:
  m_ObjectHideFlags: 0
  m_CorrespondingSourceObject: {fileID: 0}
  m_PrefabInstance: {fileID: 0}
  m_PrefabAsset: {fileID: 0}
  m_GameObject: {fileID: 8824837998417683402}
  m_LocalRotation: {x: -0.0008322281, y: -0.032919228, z: 0.052517615, w: 0.9980769}
  m_LocalPosition: {x: -7.7898235, y: -5.244143, z: 2.1944435}
  m_LocalScale: {x: 1, y: 1, z: 1}
  m_Children:
  - {fileID: 9148702787097711198}
  m_Father: {fileID: 7989707060450494139}
  m_RootOrder: 0
  m_LocalEulerAnglesHint: {x: 0, y: 0, z: 0}
