%YAML 1.1
%TAG !u! tag:unity3d.com,2011:
--- !u!1 &2639170738200961661
GameObject:
  m_ObjectHideFlags: 0
  m_CorrespondingSourceObject: {fileID: 0}
  m_PrefabInstance: {fileID: 0}
  m_PrefabAsset: {fileID: 0}
  serializedVersion: 6
  m_Component:
  - component: {fileID: 2639170738200961656}
  - component: {fileID: 2639170738200961637}
  - component: {fileID: 2639170738200961658}
  - component: {fileID: 2639170738200961659}
  m_Layer: 0
  m_Name: Cable
  m_TagString: Untagged
  m_Icon: {fileID: 0}
  m_NavMeshLayer: 0
  m_StaticEditorFlags: 0
  m_IsActive: 1
--- !u!4 &2639170738200961656
Transform:
  m_ObjectHideFlags: 0
  m_CorrespondingSourceObject: {fileID: 0}
  m_PrefabInstance: {fileID: 0}
  m_PrefabAsset: {fileID: 0}
  m_GameObject: {fileID: 2639170738200961661}
  m_LocalRotation: {x: 0, y: 0, z: 0.7071068, w: 0.7071068}
  m_LocalPosition: {x: -3.263, y: -18.621485, z: -14.667397}
  m_LocalScale: {x: 1, y: 1, z: 1}
  m_Children:
  - {fileID: 1435890203696751839}
  m_Father: {fileID: 0}
  m_RootOrder: 0
  m_LocalEulerAnglesHint: {x: 0, y: 0, z: 90}
--- !u!114 &2639170738200961637
MonoBehaviour:
  m_ObjectHideFlags: 0
  m_CorrespondingSourceObject: {fileID: 0}
  m_PrefabInstance: {fileID: 0}
  m_PrefabAsset: {fileID: 0}
  m_GameObject: {fileID: 2639170738200961661}
  m_Enabled: 1
  m_EditorHideFlags: 0
  m_Script: {fileID: 11500000, guid: a887078a848faa948afb4baaa01b831b, type: 3}
  m_Name: 
  m_EditorClassIdentifier: 
  _onMaterial: {fileID: 2100000, guid: f6539440a08f8834aaf75067e6934376, type: 2}
  _offMaterial: {fileID: 2100000, guid: 5fb657002aa9d83429be746a5898940c, type: 2}
  _connectedCables: []
  hasElectricity: 0
  thisCableBelongsToTheGenerator: 0
--- !u!65 &2639170738200961658
BoxCollider:
  m_ObjectHideFlags: 0
  m_CorrespondingSourceObject: {fileID: 0}
  m_PrefabInstance: {fileID: 0}
  m_PrefabAsset: {fileID: 0}
  m_GameObject: {fileID: 2639170738200961661}
  m_Material: {fileID: 0}
  m_IsTrigger: 1
  m_Enabled: 1
  serializedVersion: 2
  m_Size: {x: 0.2, y: 2, z: 0.2}
  m_Center: {x: -0.1, y: 1, z: 0}
--- !u!54 &2639170738200961659
Rigidbody:
  m_ObjectHideFlags: 0
  m_CorrespondingSourceObject: {fileID: 0}
  m_PrefabInstance: {fileID: 0}
  m_PrefabAsset: {fileID: 0}
  m_GameObject: {fileID: 2639170738200961661}
  serializedVersion: 2
  m_Mass: 1
  m_Drag: 0
  m_AngularDrag: 0.05
  m_UseGravity: 1
  m_IsKinematic: 1
  m_Interpolate: 0
  m_Constraints: 0
  m_CollisionDetection: 0
--- !u!1001 &7255240835697099786
PrefabInstance:
  m_ObjectHideFlags: 0
  serializedVersion: 2
  m_Modification:
    m_TransformParent: {fileID: 2639170738200961656}
    m_Modifications:
    - target: {fileID: 4691022693443195590, guid: 94cf1648c532deb4e8ab49c92f4d8450,
        type: 3}
      propertyPath: m_Name
      value: Pipe
      objectReference: {fileID: 0}
    - target: {fileID: 8168081619725070203, guid: 94cf1648c532deb4e8ab49c92f4d8450,
        type: 3}
      propertyPath: m_Materials.Array.data[0]
      value: 
      objectReference: {fileID: 2100000, guid: 5fb657002aa9d83429be746a5898940c, type: 2}
    - target: {fileID: 8593577900893839573, guid: 94cf1648c532deb4e8ab49c92f4d8450,
        type: 3}
      propertyPath: m_RootOrder
      value: 0
      objectReference: {fileID: 0}
    - target: {fileID: 8593577900893839573, guid: 94cf1648c532deb4e8ab49c92f4d8450,
        type: 3}
      propertyPath: m_LocalRotation.y
      value: -0
      objectReference: {fileID: 0}
    - target: {fileID: 8593577900893839573, guid: 94cf1648c532deb4e8ab49c92f4d8450,
        type: 3}
      propertyPath: m_LocalRotation.z
      value: -0
      objectReference: {fileID: 0}
    - target: {fileID: 8593577900893839573, guid: 94cf1648c532deb4e8ab49c92f4d8450,
        type: 3}
      propertyPath: m_LocalPosition.x
      value: -0.1
      objectReference: {fileID: 0}
    - target: {fileID: 8593577900893839573, guid: 94cf1648c532deb4e8ab49c92f4d8450,
        type: 3}
      propertyPath: m_LocalPosition.y
      value: 1.0680001
      objectReference: {fileID: 0}
    - target: {fileID: 8593577900893839573, guid: 94cf1648c532deb4e8ab49c92f4d8450,
        type: 3}
      propertyPath: m_LocalPosition.z
      value: 0.13500011
      objectReference: {fileID: 0}
    - target: {fileID: 8593577900893839573, guid: 94cf1648c532deb4e8ab49c92f4d8450,
        type: 3}
      propertyPath: m_LocalScale.y
      value: 0.36699036
      objectReference: {fileID: 0}
    - target: {fileID: 8593577900893839573, guid: 94cf1648c532deb4e8ab49c92f4d8450,
        type: 3}
      propertyPath: m_LocalScale.z
      value: 0.43887302
      objectReference: {fileID: 0}
    m_RemovedComponents: []
  m_SourcePrefab: {fileID: 100100000, guid: 94cf1648c532deb4e8ab49c92f4d8450, type: 3}
--- !u!4 &1435890203696751839 stripped
Transform:
  m_CorrespondingSourceObject: {fileID: 8593577900893839573, guid: 94cf1648c532deb4e8ab49c92f4d8450,
    type: 3}
  m_PrefabInstance: {fileID: 7255240835697099786}
  m_PrefabAsset: {fileID: 0}
