%YAML 1.1
%TAG !u! tag:unity3d.com,2011:
--- !u!1 &5298216638602499095
GameObject:
  m_ObjectHideFlags: 0
  m_CorrespondingSourceObject: {fileID: 0}
  m_PrefabInstance: {fileID: 0}
  m_PrefabAsset: {fileID: 0}
  serializedVersion: 6
  m_Component:
  - component: {fileID: 5298216638602499094}
  - component: {fileID: 5298216638602499097}
  - component: {fileID: 5298216638602499098}
  - component: {fileID: 4584818973318492213}
  - component: {fileID: 7392466077488502520}
  - component: {fileID: 7551210989079552951}
  m_Layer: 0
  m_Name: Generator
  m_TagString: InteractableEthereal
  m_Icon: {fileID: 0}
  m_NavMeshLayer: 0
  m_StaticEditorFlags: 0
  m_IsActive: 1
--- !u!4 &5298216638602499094
Transform:
  m_ObjectHideFlags: 0
  m_CorrespondingSourceObject: {fileID: 0}
  m_PrefabInstance: {fileID: 0}
  m_PrefabAsset: {fileID: 0}
  m_GameObject: {fileID: 5298216638602499095}
  m_LocalRotation: {x: 0, y: 0, z: 0, w: 1}
  m_LocalPosition: {x: -18.22, y: 2.894, z: -15.29}
  m_LocalScale: {x: 1, y: 1, z: 1}
  m_Children:
  - {fileID: 3975261276749198035}
  - {fileID: 5110967199382233083}
  m_Father: {fileID: 0}
  m_RootOrder: 0
  m_LocalEulerAnglesHint: {x: 0, y: 0, z: 0}
--- !u!65 &5298216638602499097
BoxCollider:
  m_ObjectHideFlags: 0
  m_CorrespondingSourceObject: {fileID: 0}
  m_PrefabInstance: {fileID: 0}
  m_PrefabAsset: {fileID: 0}
  m_GameObject: {fileID: 5298216638602499095}
  m_Material: {fileID: 0}
  m_IsTrigger: 0
  m_Enabled: 1
  serializedVersion: 2
  m_Size: {x: 0.66147995, y: 1.0384614, z: 0.69960976}
  m_Center: {x: 0.075401306, y: 0.03897631, z: 0.03440094}
--- !u!114 &5298216638602499098
MonoBehaviour:
  m_ObjectHideFlags: 0
  m_CorrespondingSourceObject: {fileID: 0}
  m_PrefabInstance: {fileID: 0}
  m_PrefabAsset: {fileID: 0}
  m_GameObject: {fileID: 5298216638602499095}
  m_Enabled: 1
  m_EditorHideFlags: 0
  m_Script: {fileID: 11500000, guid: a45a4e518992e2046a7654c563760682, type: 3}
  m_Name: 
  m_EditorClassIdentifier: 
  _isBeingInteractedWith: 0
  _clickSound: {fileID: 7551210989079552951}
  _electricSound: {fileID: 7392466077488502520}
  _generatorCable: {fileID: 4584818973318492213}
  _receivingCable: {fileID: 0}
  _isOn: 0
  _isRepeater: 0
--- !u!114 &4584818973318492213
MonoBehaviour:
  m_ObjectHideFlags: 0
  m_CorrespondingSourceObject: {fileID: 0}
  m_PrefabInstance: {fileID: 0}
  m_PrefabAsset: {fileID: 0}
  m_GameObject: {fileID: 5298216638602499095}
  m_Enabled: 1
  m_EditorHideFlags: 0
  m_Script: {fileID: 11500000, guid: a887078a848faa948afb4baaa01b831b, type: 3}
  m_Name: 
  m_EditorClassIdentifier: 
  _onMaterial: {fileID: 2100000, guid: f6539440a08f8834aaf75067e6934376, type: 2}
  _offMaterial: {fileID: 2100000, guid: 7523d710427f69a43afb761b4da04814, type: 2}
  _connectedCables: []
  hasElectricity: 0
  thisCableBelongsToTheGenerator: 0
--- !u!82 &7392466077488502520
AudioSource:
  m_ObjectHideFlags: 0
  m_CorrespondingSourceObject: {fileID: 0}
  m_PrefabInstance: {fileID: 0}
  m_PrefabAsset: {fileID: 0}
  m_GameObject: {fileID: 5298216638602499095}
  m_Enabled: 1
  serializedVersion: 4
  OutputAudioMixerGroup: {fileID: 6995096918352859777, guid: 6d77dccf314a07d41ac8274b09f15409,
    type: 2}
  m_audioClip: {fileID: 8300000, guid: be5442eb1b02ded4e8c494e38167492a, type: 3}
  m_PlayOnAwake: 0
  m_Volume: 1
  m_Pitch: 1
  Loop: 1
  Mute: 0
  Spatialize: 0
  SpatializePostEffects: 0
  Priority: 128
  DopplerLevel: 1
  MinDistance: 1
  MaxDistance: 500
  Pan2D: 0
  rolloffMode: 0
  BypassEffects: 0
  BypassListenerEffects: 0
  BypassReverbZones: 0
  rolloffCustomCurve:
    serializedVersion: 2
    m_Curve:
    - serializedVersion: 3
      time: 0
      value: 1
      inSlope: 0
      outSlope: 0
      tangentMode: 0
      weightedMode: 0
      inWeight: 0.33333334
      outWeight: 0.33333334
    - serializedVersion: 3
      time: 1
      value: 0
      inSlope: 0
      outSlope: 0
      tangentMode: 0
      weightedMode: 0
      inWeight: 0.33333334
      outWeight: 0.33333334
    m_PreInfinity: 2
    m_PostInfinity: 2
    m_RotationOrder: 4
  panLevelCustomCurve:
    serializedVersion: 2
    m_Curve:
    - serializedVersion: 3
      time: 0
      value: 1
      inSlope: 0
      outSlope: 0
      tangentMode: 0
      weightedMode: 0
      inWeight: 0.33333334
      outWeight: 0.33333334
    m_PreInfinity: 2
    m_PostInfinity: 2
    m_RotationOrder: 4
  spreadCustomCurve:
    serializedVersion: 2
    m_Curve:
    - serializedVersion: 3
      time: 0
      value: 0
      inSlope: 0
      outSlope: 0
      tangentMode: 0
      weightedMode: 0
      inWeight: 0.33333334
      outWeight: 0.33333334
    m_PreInfinity: 2
    m_PostInfinity: 2
    m_RotationOrder: 4
  reverbZoneMixCustomCurve:
    serializedVersion: 2
    m_Curve:
    - serializedVersion: 3
      time: 0
      value: 1
      inSlope: 0
      outSlope: 0
      tangentMode: 0
      weightedMode: 0
      inWeight: 0.33333334
      outWeight: 0.33333334
    m_PreInfinity: 2
    m_PostInfinity: 2
    m_RotationOrder: 4
--- !u!82 &7551210989079552951
AudioSource:
  m_ObjectHideFlags: 0
  m_CorrespondingSourceObject: {fileID: 0}
  m_PrefabInstance: {fileID: 0}
  m_PrefabAsset: {fileID: 0}
  m_GameObject: {fileID: 5298216638602499095}
  m_Enabled: 1
  serializedVersion: 4
  OutputAudioMixerGroup: {fileID: 6995096918352859777, guid: 6d77dccf314a07d41ac8274b09f15409,
    type: 2}
  m_audioClip: {fileID: 8300000, guid: 3aa8263477a1e7d4dafbf9d6c7393930, type: 3}
  m_PlayOnAwake: 0
  m_Volume: 1
  m_Pitch: 1
  Loop: 0
  Mute: 0
  Spatialize: 0
  SpatializePostEffects: 0
  Priority: 128
  DopplerLevel: 1
  MinDistance: 1
  MaxDistance: 500
  Pan2D: 0
  rolloffMode: 0
  BypassEffects: 0
  BypassListenerEffects: 0
  BypassReverbZones: 0
  rolloffCustomCurve:
    serializedVersion: 2
    m_Curve:
    - serializedVersion: 3
      time: 0
      value: 1
      inSlope: 0
      outSlope: 0
      tangentMode: 0
      weightedMode: 0
      inWeight: 0.33333334
      outWeight: 0.33333334
    - serializedVersion: 3
      time: 1
      value: 0
      inSlope: 0
      outSlope: 0
      tangentMode: 0
      weightedMode: 0
      inWeight: 0.33333334
      outWeight: 0.33333334
    m_PreInfinity: 2
    m_PostInfinity: 2
    m_RotationOrder: 4
  panLevelCustomCurve:
    serializedVersion: 2
    m_Curve:
    - serializedVersion: 3
      time: 0
      value: 1
      inSlope: 0
      outSlope: 0
      tangentMode: 0
      weightedMode: 0
      inWeight: 0.33333334
      outWeight: 0.33333334
    m_PreInfinity: 2
    m_PostInfinity: 2
    m_RotationOrder: 4
  spreadCustomCurve:
    serializedVersion: 2
    m_Curve:
    - serializedVersion: 3
      time: 0
      value: 0
      inSlope: 0
      outSlope: 0
      tangentMode: 0
      weightedMode: 0
      inWeight: 0.33333334
      outWeight: 0.33333334
    m_PreInfinity: 2
    m_PostInfinity: 2
    m_RotationOrder: 4
  reverbZoneMixCustomCurve:
    serializedVersion: 2
    m_Curve:
    - serializedVersion: 3
      time: 0
      value: 1
      inSlope: 0
      outSlope: 0
      tangentMode: 0
      weightedMode: 0
      inWeight: 0.33333334
      outWeight: 0.33333334
    m_PreInfinity: 2
    m_PostInfinity: 2
    m_RotationOrder: 4
--- !u!1001 &1035110839679475518
PrefabInstance:
  m_ObjectHideFlags: 0
  serializedVersion: 2
  m_Modification:
    m_TransformParent: {fileID: 5298216638602499094}
    m_Modifications:
    - target: {fileID: 1093491913884360702, guid: 1b155b192a6846147bc97b37a169fd96,
        type: 3}
      propertyPath: m_Name
      value: FuseBox
      objectReference: {fileID: 0}
    - target: {fileID: 4140924354575740397, guid: 1b155b192a6846147bc97b37a169fd96,
        type: 3}
      propertyPath: m_LocalPosition.x
      value: 0
      objectReference: {fileID: 0}
    - target: {fileID: 4140924354575740397, guid: 1b155b192a6846147bc97b37a169fd96,
        type: 3}
      propertyPath: m_LocalPosition.y
      value: -0.501
      objectReference: {fileID: 0}
    - target: {fileID: 4140924354575740397, guid: 1b155b192a6846147bc97b37a169fd96,
        type: 3}
      propertyPath: m_LocalPosition.z
      value: 0
      objectReference: {fileID: 0}
    - target: {fileID: 4140924354575740397, guid: 1b155b192a6846147bc97b37a169fd96,
        type: 3}
      propertyPath: m_LocalRotation.x
      value: 0
      objectReference: {fileID: 0}
    - target: {fileID: 4140924354575740397, guid: 1b155b192a6846147bc97b37a169fd96,
        type: 3}
      propertyPath: m_LocalRotation.y
      value: -0.7071068
      objectReference: {fileID: 0}
    - target: {fileID: 4140924354575740397, guid: 1b155b192a6846147bc97b37a169fd96,
        type: 3}
      propertyPath: m_LocalRotation.z
      value: 0
      objectReference: {fileID: 0}
    - target: {fileID: 4140924354575740397, guid: 1b155b192a6846147bc97b37a169fd96,
        type: 3}
      propertyPath: m_LocalRotation.w
      value: 0.7071068
      objectReference: {fileID: 0}
    - target: {fileID: 4140924354575740397, guid: 1b155b192a6846147bc97b37a169fd96,
        type: 3}
      propertyPath: m_RootOrder
      value: 0
      objectReference: {fileID: 0}
    - target: {fileID: 4140924354575740397, guid: 1b155b192a6846147bc97b37a169fd96,
        type: 3}
      propertyPath: m_LocalEulerAnglesHint.x
      value: 0
      objectReference: {fileID: 0}
    - target: {fileID: 4140924354575740397, guid: 1b155b192a6846147bc97b37a169fd96,
        type: 3}
      propertyPath: m_LocalEulerAnglesHint.y
      value: -90
      objectReference: {fileID: 0}
    - target: {fileID: 4140924354575740397, guid: 1b155b192a6846147bc97b37a169fd96,
        type: 3}
      propertyPath: m_LocalEulerAnglesHint.z
      value: 0
      objectReference: {fileID: 0}
    - target: {fileID: 4140924354575740397, guid: 1b155b192a6846147bc97b37a169fd96,
        type: 3}
      propertyPath: m_LocalScale.x
      value: 127.4
      objectReference: {fileID: 0}
    - target: {fileID: 4140924354575740397, guid: 1b155b192a6846147bc97b37a169fd96,
        type: 3}
      propertyPath: m_LocalScale.y
      value: 76.20559
      objectReference: {fileID: 0}
    - target: {fileID: 4140924354575740397, guid: 1b155b192a6846147bc97b37a169fd96,
        type: 3}
      propertyPath: m_LocalScale.z
      value: 94.44799
      objectReference: {fileID: 0}
    m_RemovedComponents: []
  m_SourcePrefab: {fileID: 100100000, guid: 1b155b192a6846147bc97b37a169fd96, type: 3}
--- !u!4 &3975261276749198035 stripped
Transform:
  m_CorrespondingSourceObject: {fileID: 4140924354575740397, guid: 1b155b192a6846147bc97b37a169fd96,
    type: 3}
  m_PrefabInstance: {fileID: 1035110839679475518}
  m_PrefabAsset: {fileID: 0}
--- !u!1001 &9194742216329392662
PrefabInstance:
  m_ObjectHideFlags: 0
  serializedVersion: 2
  m_Modification:
    m_TransformParent: {fileID: 5298216638602499094}
    m_Modifications:
    - target: {fileID: 1093491913884360702, guid: 1b155b192a6846147bc97b37a169fd96,
        type: 3}
      propertyPath: m_Name
      value: FuseBox (1)
      objectReference: {fileID: 0}
    - target: {fileID: 4140924354575740397, guid: 1b155b192a6846147bc97b37a169fd96,
        type: 3}
      propertyPath: m_LocalPosition.x
      value: 0
      objectReference: {fileID: 0}
    - target: {fileID: 4140924354575740397, guid: 1b155b192a6846147bc97b37a169fd96,
        type: 3}
      propertyPath: m_LocalPosition.y
      value: -0.534
      objectReference: {fileID: 0}
    - target: {fileID: 4140924354575740397, guid: 1b155b192a6846147bc97b37a169fd96,
        type: 3}
      propertyPath: m_LocalPosition.z
      value: 0
      objectReference: {fileID: 0}
    - target: {fileID: 4140924354575740397, guid: 1b155b192a6846147bc97b37a169fd96,
        type: 3}
      propertyPath: m_LocalRotation.x
      value: 0
      objectReference: {fileID: 0}
    - target: {fileID: 4140924354575740397, guid: 1b155b192a6846147bc97b37a169fd96,
        type: 3}
      propertyPath: m_LocalRotation.y
      value: -0.7071068
      objectReference: {fileID: 0}
    - target: {fileID: 4140924354575740397, guid: 1b155b192a6846147bc97b37a169fd96,
        type: 3}
      propertyPath: m_LocalRotation.z
      value: 0
      objectReference: {fileID: 0}
    - target: {fileID: 4140924354575740397, guid: 1b155b192a6846147bc97b37a169fd96,
        type: 3}
      propertyPath: m_LocalRotation.w
      value: 0.7071068
      objectReference: {fileID: 0}
    - target: {fileID: 4140924354575740397, guid: 1b155b192a6846147bc97b37a169fd96,
        type: 3}
      propertyPath: m_RootOrder
      value: 1
      objectReference: {fileID: 0}
    - target: {fileID: 4140924354575740397, guid: 1b155b192a6846147bc97b37a169fd96,
        type: 3}
      propertyPath: m_LocalEulerAnglesHint.x
      value: 0
      objectReference: {fileID: 0}
    - target: {fileID: 4140924354575740397, guid: 1b155b192a6846147bc97b37a169fd96,
        type: 3}
      propertyPath: m_LocalEulerAnglesHint.y
      value: -90
      objectReference: {fileID: 0}
    - target: {fileID: 4140924354575740397, guid: 1b155b192a6846147bc97b37a169fd96,
        type: 3}
      propertyPath: m_LocalEulerAnglesHint.z
      value: 0
      objectReference: {fileID: 0}
    m_RemovedComponents: []
  m_SourcePrefab: {fileID: 100100000, guid: 1b155b192a6846147bc97b37a169fd96, type: 3}
--- !u!4 &5110967199382233083 stripped
Transform:
  m_CorrespondingSourceObject: {fileID: 4140924354575740397, guid: 1b155b192a6846147bc97b37a169fd96,
    type: 3}
  m_PrefabInstance: {fileID: 9194742216329392662}
  m_PrefabAsset: {fileID: 0}
